4250 6109
1027 728 1094 785 1221
1692 710 1732 781 97

387 889 502 953 eadem
525 890 696 954 transactio
726 889 766 953 de
793 891 893 956 libero
922 892 1131 974 legitimorum
1165 895 1319 959 heredum
1350 896 1431 960 tacta
1454 900 1502 958 ost
1523 915 1680 959 consensu
1703 899 1734 959 ct

386 1016 456 1075 nos,
484 999 566 1063 sicut
586 1000 920 1085 promiseravimusd),
954 1004 1118 1084 sexaginta
1139 1023 1263 1068 marcas
1286 1005 1487 1068 denariorum
1517 1005 1619 1068 eidem
1647 1003 1734 1067 militi

386 1104 531 1171 Arnoldo
553 1107 709 1173 dedimus.
752 1108 795 1171 Ut
822 1111 930 1173 autem
961 1110 1021 1175 hec
1051 1115 1120 1175 rata
1150 1115 1181 1175 et
1203 1112 1389 1176 inconvulsa
1411 1115 1631 1194 permaneant,
1661 1131 1734 1195 pre-

387 1217 512 1278 sentem
534 1217 683 1298 paginam
707 1221 773 1280 tam
795 1218 894 1298 sigillo
917 1220 1036 1283 domini
1052 1219 1177 1284 Oltonis
1199 1220 1239 1283 de
1258 1220 1469 1300 Ravensberg
1492 1221 1613 1284 oornitis
1636 1240 1734 1301 quam

387 1325 497 1384 nostro
520 1323 634 1387 muniri
657 1323 797 1400 lecimus,
821 1330 979 1406 quatenus
1002 1326 1105 1391 onmis
1121 1326 1312 1408 ambiguitas
1330 1347 1427 1409 super
1444 1327 1503 1390 hiis
1522 1329 1733 1412 inposterum

389 1430 518 1495 tollatur
549 1435 580 1494 et
609 1432 785 1514 scrupulus.
829 1432 861 1496 Si
891 1435 962 1516 quis
993 1440 1101 1499 autem
1133 1435 1320 1499 temerarius
1348 1435 1442 1518 hujus
1472 1436 1544 1500 lacti
1568 1437 1734 1501 accesserit

390 1542 419 1602 et
442 1539 609 1604 ecclesiam
632 1545 774 1604 nostram
805 1541 836 1603 in
866 1543 976 1622 predio
1005 1544 1045 1607 de
1066 1543 1170 1607 Broke
1200 1544 1348 1625 injuriose
1371 1542 1541 1608 molestare
1564 1564 1733 1627 presump-

390 1649 473 1727 serit,
498 1649 724 1730 omnipotentis
746 1649 901 1714 offensam
912 1652 936 1734 ¹)
959 1651 1107 1715 incurrat.
1150 1649 1263 1714 Testes
1286 1650 1379 1732 hujus
1402 1651 1448 1714 rei
1471 1654 1557 1715 sunt:
1581 1651 1733 1716 Ecbertus

390 1755 498 1821 Bruno
520 1759 712 1837 sacerdotes
742 1759 890 1824 dominus
913 1758 1069 1823 Rodollus
1101 1762 1133 1822 et
1159 1758 1307 1823 dominus
1330 1758 1543 1823 Godescalcus
1573 1759 1613 1822 de
1635 1758 1752 1822 Ther--

391 1865 465 1946 holt,
493 1867 647 1932 Ecbertus
669 1868 710 1932 de
731 1868 947 1945 Battenhorst,
977 1867 1166 1951 Rodolphus
1188 1871 1384 1950 procurator,
1414 1867 1610 1932 Hercbertus
1634 1867 1733 1945 miles,

392 1975 585 2041 Giselberlus
607 1977 697 2041 miles
720 1977 760 2040 de
782 1975 1026 2058 Warentorppc,
1058 1975 1230 2060 Tydericus
1253 1981 1284 2039 et
1306 1975 1502 2059 Thydericus
1534 1977 1676 2041 conversi
1701 1976 1731 2038 in

393 2086 602 2164 Hersebroke,
635 2085 796 2151 Jobannos
826 2085 865 2149 de
897 2086 988 2152 Wicle
1021 2090 1053 2150 et
1085 2086 1136 2150 alii
1169 2104 1266 2168 quam
1299 2084 1415 2167 plures
1460 2085 1540 2149 Acta
1570 2088 1644 2148 sunt
1675 2083 1733 2146 hec

393 2216 474 2260 anno
498 2195 723 2260 incarnationis
746 2194 871 2259 Domini
899 2194 1065 2259 millesimo
1096 2194 1458 2270 ducentesimoXX0103
1490 2197 1643 2274 regnanto
1667 2193 1733 2256 Ro-

394 2324 560 2369 manorum
583 2304 843 2390 gloriosissimol)
866 2306 1057 2387 imperatore
1080 2304 1280 2369 Fredderico.

498 2489 519 2554 ¹)
539 2486 605 2541 riter
624 2487 667 2541 ter
685 2485 760 2555 grite
779 2486 975 2555 rradrprtrapru.
996 2519 1027 2524 —
1049 2489 1070 2551 ²)
1091 2486 1138 2554 aul
1157 2486 1247 2554 arom
1267 2486 1330 2541 iiber
1350 2488 1520 2554 imperatore.

518 2653 567 2733 {ta
589 2653 639 2720 ber
661 2653 754 2720 britte
775 2654 831 2719 tae
854 2652 960 2737 &irael
983 2655 1033 2721 ber
1055 2653 1200 2732 tirhtillm
1222 2652 1327 2737 arneto
1349 2652 1463 2737 (illeltt.
1477 2652 1584 2735 &tepet
1604 2652 1675 2731 127,
1688 2652 1733 2736 1),

396 2763 480 2845 redte
509 2762 571 2829 unt
601 2761 677 2830 tlrrta
706 2763 731 2843 je
762 2763 809 2828 eia
841 2762 1068 2846 decrustaret
1091 2761 1294 2845 utarenaega
1321 2762 1444 2846 (ebrato
1466 2763 1518 2840 35,
1540 2763 1559 2824 3
1582 2780 1611 2827 u.
1635 2762 1670 2845 5)
1693 2778 1733 2827 aa

397 2869 702 2955 bagammtltretlea.

395 3287 447 3354 131.
472 3325 508 3334 -
537 3287 630 3357 1221.

559 3434 668 3518 tllraplt
699 3433 856 3518 bernhart
883 3451 944 3500 aaa
968 3432 1078 3514 Deleta
1109 3431 1256 3513 betuabet,
1288 3433 1345 3513 bob
1377 3453 1408 3501 er
1434 3434 1535 3519 triber
1563 3435 1733 3519 adportetur

559 3542 818 3624 lttaltereiatttatte
854 3553 913 3608 oua
953 3543 1073 3610 (butera
1116 3543 1148 3608 in
1188 3541 1338 3623 buturo,
1380 3544 1542 3620 Rothorst‚
1586 3543 1733 3620 bterbed,

559 3650 759 3731 lbeltertlete,
791 3650 982 3734 Tynswede,
1017 3650 1113 3735 dicate
1145 3652 1205 3717 aab
1236 3650 1426 3734 (bortbouten
1457 3671 1508 3734 rur
1540 3650 1732 3733 tiridattuag

558 3759 609 3826 ter
631 3758 781 3842 areauna
803 3759 853 3825 ter
877 3758 1005 3826 bonnm
1027 3761 1070 3826 iar
1092 3758 1263 3840 dictantem
1287 3760 1427 3838 tentarat
1450 3761 1530 3842 bote.

654 3907 797 3979 Dapiaot:
817 3908 1018 3979 &ruotbertum
1057 3909 1153 3966 aare:
1173 3909 1265 3979 uteret
1285 3908 1334 3964 va.
1354 3870 1423 3962 281..

515 4043 558 4107 Ia
579 4043 703 4107 nomiae
724 4047 833 4124 sancte
857 4047 888 4106 et
909 4042 1069 4122 individue
1091 4040 1260 4107 Trinitatis.
1292 4042 1408 4105 Amen.
1439 4041 1505 4122 Ego
1527 4041 1732 4105 Bernhardus

390 4151 444 4217 Dei
476 4150 616 4215 famulus
647 4149 772 4214 humilis
801 4152 832 4214 in
857 4150 981 4215 Christo
1012 4150 1134 4215 cenobii
1164 4151 1196 4213 in
1228 4149 1334 4214 Osede
1361 4150 1505 4231 provisor
1535 4150 1731 4230 compatiens

390 4260 494 4342 inopie
534 4261 566 4322 et
603 4257 842 4322 necessitatibus
879 4277 1025 4322 sororum
1063 4260 1245 4322 nostrarum
1285 4263 1316 4322 et
1354 4261 1486 4340 paterna
1524 4255 1731 4320 sollicitudine

389 4368 572 4451 prospicere
607 4369 735 4449 cupiens
768 4370 798 4430 iu
832 4369 1007 4448 posterum,
1041 4367 1076 4428 ut
1109 4366 1148 4429 de
1182 4366 1275 4430 bonis
1309 4385 1371 4448 que
1406 4366 1448 4429 ab
1482 4383 1623 4428 amorem
1657 4363 1731 4427 lesu

390 4477 507 4543 Christi
528 4497 586 4560 per
607 4477 783 4542 oblationes
805 4476 945 4540 fidelium
967 4475 1010 4539 ad
1032 4474 1197 4539 eeclesiam
1219 4478 1361 4539 nostram
1392 4476 1604 4555 pervenerunt
1625 4472 1733 4553 aliqua

389 4588 433 4651 eis
455 4587 513 4651 fiat
534 4586 678 4668 specialis
701 4585 872 4650 consolatio
893 4582 946 4665 pia
969 4582 1149 4664 provisione
1167 4580 1372 4645 statuendum
1390 4580 1464 4643 duxi
1482 4597 1554 4642 cum
1572 4581 1732 4642 communi

390 4713 550 4760 consensu
583 4692 718 4776 capituli,
756 4697 791 4756 ut
824 4692 865 4755 ab
899 4689 1104 4755 universitate
1136 4689 1365 4771 procurationis
1397 4689 1538 4752 omnium
1573 4688 1732 4750 bonorum

390 4806 575 4868 nostrorum
605 4801 666 4866 hec
699 4800 875 4883 specialiter
912 4797 1117 4879 excipiantur,
1157 4815 1219 4879 que
1257 4796 1444 4859 nominatim
1484 4795 1732 4872 subscribantur,

390 4910 542 4992 quatinus
571 4909 746 4992 specialiter
778 4908 818 4972 ad
849 4926 924 4972 usus
956 4908 987 4968 et
1014 4904 1163 4969 utilitates
1193 4905 1387 4968 necessarias
1414 4903 1552 4967 maxime
1574 4902 1617 4966 ad
1638 4903 1733 4965 vesti·

390 5021 574 5083 mentorum
608 5017 830 5099 adjumentum
862 5014 1042 5098 pertineant
1076 5013 1245 5095 assignata.
1289 5011 1356 5074 Hee
1388 5015 1496 5076 autem
1530 5015 1604 5075 sunt
1637 5012 1733 5083 bona.

391 5145 454 5209 que
476 5125 522 5191 sic
544 5125 590 5189 eis
611 5125 752 5207 assigno:
786 5144 850 5190 una
880 5126 995 5190 domus
1022 5123 1053 5185 in
1076 5122 1212 5204 Sutorpe
1239 5120 1366 5185 solvens
1388 5121 1517 5202 singulis
1539 5121 1630 5184 annis
1652 5120 1733 5185 duos

390 5232 510 5298 solidos
532 5235 566 5296 et
586 5233 651 5299 duo
672 5233 749 5298 molt
769 5252 918 5312 mensure
940 5229 1076 5312 granarii
1104 5229 1144 5293 de
1165 5247 1277 5306 avena,
1305 5229 1365 5292 alia
1388 5230 1502 5295 domus
1525 5230 1555 5292 in
1579 5229 1734 5294 Rotborst

392 5341 561 5408 exsolvens
582 5362 641 5426 pro
662 5343 812 5408 universo
834 5340 941 5407 debito
963 5355 1116 5418 marcam,
1139 5337 1235 5401 tercia
1256 5337 1289 5400 in
1308 5336 1463 5401 lllrebelre
1484 5336 1611 5401 solvens
1633 5355 1734 5400 unum

487 5466 876 5523 sortirer,aa.utr.·aoou
1503 5431 1521 5495 7
1639 5530 1645 5542 ι
