4250 6109
449 666 490 730 34
1085 683 1153 740 1210

442 846 644 929 deponeretis
666 847 877 912 ecclesiastico
898 847 1053 912 beneficio
1076 850 1108 911 et
1130 846 1233 912 officio
1255 847 1442 924 violantem3
1470 849 1571 931 siqui
1595 868 1671 912 vero
1693 868 1791 932 super

442 975 477 1019 re
506 958 571 1019 tam
600 954 705 1020 illictia
734 956 952 1037 juramentum
983 956 1011 1018 ei
1040 956 1170 1039 aliquod
1199 957 1418 1038 prestitissent,
1449 957 1720 1021 denunciarentur
1750 976 1789 1022 eo

441 1066 568 1146 penitus
591 1082 657 1128 non
680 1065 789 1131 teneri.
813 1063 895 1129 Cum
913 1065 1006 1145 igitur
1018 1064 1243 1128 Waldemarus
1265 1063 1426 1146 predictus
1448 1082 1558 1128 arcum
1580 1062 1639 1128 sibi
1661 1068 1790 1129 tensum

441 1191 506 1237 non
528 1176 683 1252 metuens,
710 1192 770 1238 nec
792 1173 916 1255 fugiens
942 1192 961 1236 a
987 1172 1100 1253 sagitta
1127 1170 1169 1234 ad
1196 1170 1403 1252 apostolicam
1430 1171 1541 1236 sedem
1570 1192 1635 1237 non
1666 1173 1789 1238 venerit

441 1280 524 1346 inira
544 1281 717 1347 terminum
738 1280 920 1363 prefinitum
947 1278 1091 1357 anobis,
1122 1278 1179 1343 sed
1205 1279 1236 1343 in
1267 1299 1325 1344 sua
1347 1280 1519 1362 pertinacia
1541 1282 1789 1365 dampnabiliter

440 1393 630 1472 perseveret,
653 1409 711 1472 per
728 1388 903 1470 apostolica
921 1387 1010 1453 vobis
1032 1386 1149 1470 scripta
1170 1388 1363 1453 mandamus
1380 1391 1412 1452 et
1426 1386 1565 1455 districte
1585 1391 1789 1474 precipimus,

440 1498 589 1581 quatinus
614 1498 753 1562 eandem
782 1497 973 1562 sententiam
1003 1514 1100 1579 quam
1127 1497 1296 1561 incurrisse
1326 1498 1499 1563 dinoscitur
1527 1518 1585 1582 per
1612 1503 1735 1564 vestras
1758 1502 1790 1563 et

440 1606 558 1671 vicinas
579 1605 722 1671 dioceses
744 1605 943 1689 publicantes
965 1609 997 1669 et
1018 1609 1130 1670 contra
1152 1624 1226 1669 eum
1249 1608 1280 1669 et
1302 1625 1377 1670 suos
1400 1607 1570 1690 complices
1591 1607 1677 1672 idem
1695 1626 1787 1672 man·

439 1715 550 1780 datum
582 1733 642 1798 per
673 1715 796 1778 omnia'
813 1713 947 1778 fideliter
979 1716 1176 1796 exequentes
1204 1715 1236 1777 in
1264 1714 1340 1778 locis
1368 1716 1399 1778 in
1432 1716 1547 1798 quibus
1574 1715 1691 1781 fuerint
1721 1718 1788 1781 tam

439 1823 580 1888 divinum
613 1823 752 1889 officium
786 1840 883 1905 quam
915 1821 978 1886 alia
1012 1822 1222 1887 ecclesiastica
1256 1827 1456 1888 sacramenta
1488 1827 1594 1907 preter
1626 1825 1787 1907 baptisma

437 1931 643 2016 parvulorum
675 1934 707 1995 et
736 1930 926 2015 penitentias
954 1929 1157 1994 morientium
1187 1931 1261 2014 ipsis
1288 1934 1490 2014 presentibus
1511 1933 1632 1998 faciatis
1654 1935 1786 1998 omnino

438 2060 577 2119 cessare;
609 2041 857 2106 contradictores
886 2037 1099 2120 appellatione
1121 2042 1246 2103 remota
1267 2059 1325 2123 per
1347 2059 1516 2106 censuram
1538 2042 1785 2107 ecclesiasticam

436 2149 670 2232 compescendo
692 2151 724 2214 et
745 2149 813 2212 illos
835 2148 1004 2211 canonicos
1027 2147 1081 2229 qui
1100 2148 1192 2229 juxta
1214 2150 1441 2214 continentiam
1472 2151 1617 2232 ejusdem
1639 2151 1787 2218 mandati

437 2258 478 2324 ad
508 2278 567 2322 nos
596 2258 748 2323 accedere
781 2259 1042 2338 contempserunt
1072 2274 1110 2320 ac
1138 2255 1300 2339 sepedicto
1332 2255 1539 2323 Waldemaro
1570 2258 1677 2322 lavere
1710 2276 1784 2339 pre·

437 2370 568 2433 sumunt
599 2364 817 2431 denuntiando
849 2363 882 2428 in
912 2363 1072 2428 electionis
1104 2366 1232 2447 negotio
1265 2369 1372 2447 partes
1405 2366 1527 2448 aliquas
1557 2385 1621 2430 non
1652 2364 1783 2445 habere,

436 2475 566 2542 clericos
587 2495 643 2540 seu
665 2475 841 2540 monachos
863 2473 912 2538 vel
935 2474 1030 2537 etiam
1051 2473 1158 2551 laicos,
1182 2474 1236 2556 qui
1259 2474 1362 2538 eidem
1391 2474 1614 2557 impartiuntur
1635 2473 1781 2537 favorem

435 2582 768 2650 excommunicationis
790 2583 915 2648 vinculo
937 2581 1104 2660 innodetis,
1137 2582 1196 2646 nisi
1216 2581 1384 2646 ammoniti
1406 2582 1604 2664 resipiscant;
1640 2600 1697 2645 eos
1729 2582 1782 2664 qui

433 2693 579 2758 abbatias
600 2691 650 2756 vel
672 2692 751 2756 alias
773 2691 949 2774 prelaturas
971 2693 1027 2754 aut
1048 2690 1204 2755 beneficia
1223 2693 1412 2772 receperunt
1428 2691 1470 2755 ab
1487 2691 1565 2773 ipso,
1588 2690 1779 2755 auctoritate

434 2804 543 2866 nostra
565 2800 769 2882 dignitatibus
791 2805 823 2863 et
843 2796 1005 2862 beneficiis
1026 2797 1142 2863 talibus
1159 2799 1227 2863 sine
1243 2818 1301 2881 spe
1316 2798 1522 2863 restitutionis
1538 2798 1571 2862 in
1584 2802 1779 2881 perpetuum

434 2910 616 2993 spoliantes.
655 2909 772 2974 Datum
795 2907 923 2972 Viterbii
946 2906 984 2969 Vl
1006 2906 1115 2971 Nonas
1137 2905 1223 2984 Julii;
1245 2906 1448 2989 pontificatus
1470 2908 1569 2971 nostri
1590 2925 1677 2972 anno
1700 2906 1782 2971 duo·

436 3018 571 3084 decimo.

559 3126 620 3195 illie
639 3146 679 3193 un
696 3125 881 3210 boniidnur
897 3124 1025 3209 betelltgt
1043 3123 1186 3209 geneion
1205 3124 1293 3192 tlutle
1310 3122 1469 3208 (bietine
1489 3124 1544 3209 20)
1559 3123 1630 3208 tiegt
1645 3123 1705 3206 tote
1722 3123 1779 3192 bet.

560 3235 746 3320 unciario:
769 3235 925 3301 BReMeN
947 3235 1008 3302 unb
1031 3234 1241 3319 R(egistrata)
1262 3234 1317 3303 mit
1340 3234 1625 3319 cingcidriebenem:
1649 3235 1777 3316 scripte.

435 3607 491 3674 46.
517 3646 551 3655 -
578 3607 670 3687 1210,
693 3606 882 3689 &ruttulo
902 3608 954 3677 22.

602 3736 719 3820 titidof
748 3736 822 3804 Dtto
849 3756 908 3805 uon
935 3736 1074 3833 illinitur
1106 3738 1258 3823 tibertrigt
1287 3739 1352 3806 beru
1382 3738 1494 3819 diriter
1524 3736 1694 3822 bergebrod
1723 3739 1778 3821 auf

600 3846 706 3914 tlitteu
735 3845 875 3914 detractu
905 3864 963 3914 oon
992 3846 1185 3933 &tomberg
1218 3848 1334 3931 celeber
1366 3849 1435 3931 gnei
1466 3848 1588 3930 uenter
1618 3848 1685 3915 bort
1717 3849 1777 3915 ein:

598 3959 692 4021 treten
715 3953 784 4034 tici,
806 3954 861 4021 ben
883 3953 1014 4038 getnten
1037 3955 1088 4021 beu
1110 3952 1205 4036 boica
1228 3956 1375 4041 littering
1397 3958 1429 4023 in
1452 3956 1595 4025 tlurbetn.

696 4086 839 4158 Drtginut:
860 4086 1019 4159 &scrittidrcss
1039 4087 1135 4158 ttrmiu
1154 4103 1187 4159 gu
1206 4089 1307 4160 tillicto.

559 4205 600 4269 In
618 4206 743 4270 nomine
768 4212 875 4271 sancte
896 4212 925 4271 et
946 4208 1111 4273 individue
1135 4209 1315 4274 multaris.
1359 4210 1434 4275 Otto
1465 4211 1520 4275 Dei
1551 4213 1653 4293 gratia
1684 4212 1775 4276 Mon·

431 4313 612 4376 asteriensis
635 4315 811 4398 episcopus.
848 4314 1038 4380 Pontificalis
1060 4316 1152 4380 officii
1174 4317 1282 4382 debito
1304 4318 1549 4400 constringimur
1570 4318 1774 4382 ecclesiarum

431 4424 550 4485 statum
581 4421 614 4485 in
643 4424 791 4488 omnibus
821 4427 978 4507 quantum
1005 4424 1037 4486 in
1067 4424 1159 4489 nobis
1186 4429 1234 4489 est
1255 4445 1445 4508 promovere
1467 4431 1499 4491 et
1521 4445 1631 4490 earum
1653 4426 1774 4491 utilitati

431 4529 534 4594 modis
556 4530 704 4595 omnibus
726 4531 896 4614 invigilare.
931 4530 1053 4595 Exinde
1076 4535 1187 4596 notum
1210 4552 1280 4596 esse
1302 4534 1447 4616 cupimus
1469 4538 1535 4598 tam
1558 4533 1653 4597 futuri
1677 4553 1773 4618 quam

430 4639 587 4720 presenbs
616 4640 690 4703 secli
720 4640 911 4718 nationibus,
943 4640 1030 4722 quod
1062 4639 1248 4704 Ertbmarus
1280 4641 1320 4706 de
1348 4642 1553 4708 Stromberch
1584 4642 1664 4707 duas
1696 4644 1774 4708 filias

431 4763 506 4809 suas
532 4747 565 4809 in
596 4746 728 4812 cenobio
761 4748 848 4830 quod
878 4747 1080 4812 Hersebrolre
1112 4749 1295 4813 nominatur
1327 4750 1464 4815 offerens
1493 4750 1561 4815 Dco
1593 4751 1624 4816 in
1658 4752 1772 4816 eodem

429 4850 500 4917 loco
531 4854 702 4918 servituras
734 4856 786 4938 pio
820 4855 933 4920 ductus
966 4859 1056 4921 motu
1086 4858 1274 4940 pauperIem
1307 4857 1365 4922 loci
1395 4858 1474 4922 illius
1502 4859 1716 4925 consideravit
1744 4864 1772 4925 et

430 4957 651 5026 famulantium
675 4962 799 5027 Christo
821 4964 853 5026 in
876 4964 991 5028 eodem
1014 4964 1083 5029 loco
1105 4965 1341 5047 prebendarum
1366 4966 1562 5032 tenuitatem.
1607 4965 1773 5033 Accedens

430 5088 505 5150 ergo
534 5071 575 5135 ad
604 5091 664 5136 nos
695 5091 768 5137 cum
794 5073 903 5138 amicis
925 5074 990 5137 suis
1010 5073 1172 5138 humiliter
1193 5073 1364 5156 postulavit
1385 5094 1405 5138 a
1427 5074 1518 5138 nobis
1541 5078 1573 5139 et
1594 5076 1773 5159 inpetravit,

430 5177 518 5259 quod
548 5178 706 5243 decimam
735 5181 829 5245 curtis
860 5182 892 5245 in
921 5181 1092 5246 Borbenne
1115 5182 1245 5264 Rotgeri
1277 5202 1374 5265 quam
1404 5182 1487 5247 idem
1515 5181 1774 5271 E(rthmarus)a

429 5283 521 5348 nobis
554 5284 718 5351 feodaliter
749 5291 851 5353 tenuit
882 5291 914 5353 in
948 5308 1063 5355 manus
1097 5295 1222 5355 nostras
1256 5293 1438 5374 resignaret,
1476 5296 1508 5357 et
1540 5312 1599 5357 nos
1636 5295 1774 5360 eandem
