4250 6109
1031 694 1099 750 1220
1689 678 1727 743 91

386 857 553 939 spiraverit
575 860 608 921 et
626 859 697 940 jure
719 876 815 940 super
837 857 897 922 hoe
919 859 1081 921 convictus
1104 857 1205 936 luerit,
1235 858 1322 921 bona
1344 876 1402 921 sua
1424 858 1465 922 ad
1489 876 1547 921 nes
1570 857 1729 936 redibunt,

386 964 464 1028 sicut
486 963 688 1046 praedictum
710 967 768 1043 est,
791 968 823 1028 et
844 967 944 1047 gratia
966 970 1075 1031 nestra
1097 967 1226 1031 carebit.
1254 1003 1297 1013 -
1328 966 1407 1030 ltem
1430 967 1455 1030 si
1477 966 1518 1031 ad
1540 966 1649 1030 aulam
1670 966 1729 1029 im-
1775 981 1791 1034 7

386 1072 540 1155 perialem
561 1073 608 1137 ire
630 1073 836 1154 disponimus,
868 1075 1124 1139 ministerialibus
1154 1076 1269 1139 nestris
1291 1074 1434 1156 pluribus
1456 1074 1505 1138 vel
1527 1074 1730 1155 paucioribus

386 1179 536 1244 assumtis
558 1180 644 1261 ipsos
666 1180 697 1243 in
721 1180 868 1262 expensis
890 1182 1004 1245 nostris
1036 1180 1186 1245 exhibere
1217 1184 1363 1246 tenemur
1394 1185 1425 1246 et
1446 1183 1478 1246 in
1501 1183 1650 1246 omnibus
1672 1202 1730 1246 ne-

386 1286 530 1352 cessariis
552 1287 665 1351 iisdem
688 1287 864 1370 previdere.
887 1288 1023 1354 Profecti
1043 1291 1167 1354 veroin
1190 1289 1306 1372 pedem
1323 1289 1463 1373 Alpium,
1485 1293 1510 1354 si
1533 1291 1730 1374 transalpare

386 1395 544 1473 velumus,
576 1396 650 1477 ipsis
672 1395 807 1459 liberum
830 1401 887 1475 est,
917 1397 1020 1461 redire
1050 1397 1092 1462 ad
1122 1417 1189 1473 sua,
1220 1398 1278 1461 nisi
1309 1398 1349 1462 de
1377 1398 1464 1462 bona
1487 1397 1650 1463 voluntate
1672 1417 1731 1463 sua

386 1502 477 1586 sequi
497 1523 558 1568 nos
580 1503 735 1569 voluerint
756 1508 845 1569 trans
866 1505 974 1587 Alpes,
1003 1507 1200 1569 revertentes
1222 1504 1373 1568 exhibere
1395 1509 1541 1569 tenemur
1562 1524 1665 1588 usque
1686 1506 1729 1570 ad

386 1630 453 1677 sua.
488 1648 532 1660 -
564 1611 597 1677 Si
620 1632 696 1677 vere
718 1611 974 1678 ministerialibus
996 1612 1113 1677 nostris
1134 1612 1247 1694 aliquis
1270 1613 1451 1678 violentiam
1474 1613 1540 1678 vult
1561 1614 1677 1678 inferre
1698 1618 1730 1679 et
1773 1621 1791 1672 8

385 1720 454 1803 ipsi,
485 1721 573 1803 quod
593 1722 655 1803 juri
676 1725 821 1803 pareant,
843 1741 950 1787 coram
974 1724 1067 1789 nobis
1088 1722 1205 1786 fuerint
1226 1723 1401 1804 protestati,
1429 1723 1514 1803 ipsos
1535 1720 1567 1788 in
1590 1726 1729 1787 castrum

386 1833 529 1893 nestrum
552 1831 693 1912 recipere
715 1833 862 1895 tenemur
883 1835 925 1908 et,
957 1830 1110 1913 quamdiu
1136 1830 1198 1913 juri
1219 1829 1391 1911 paruerint,
1423 1849 1556 1912 corpore
1579 1834 1611 1894 et
1631 1830 1729 1895 rebus

385 1939 495 2020 juvare
518 1941 673 2003 tenemur.
695 1975 732 1985 -
752 1938 787 2003 ln
809 1939 902 2004 bonis
924 1959 1000 2005 vero
1022 1938 1220 2005 hereditariis
1241 1937 1274 2000 in
1296 1937 1412 2019 quibus
1434 1942 1607 2002 nascuntur
1631 1939 1730 2004 nostri
1775 1949 1792 2004 9

388 2046 617 2123 ministeriales,
651 2047 804 2129 quamdiu
832 2048 863 2111 in
893 2048 1083 2130 cognatione
1113 2048 1179 2111 sive
1201 2045 1386 2129 genealogia
1409 2046 1455 2109 vir
1476 2046 1525 2110 vel
1548 2046 1661 2111 mulier
1682 2048 1731 2111 in-

389 2156 521 2234 venitur,
553 2156 602 2219 cui
634 2155 744 2219 talium
766 2156 925 2221 benorum
950 2158 1003 2239 jus
1025 2156 1075 2220 vel
1097 2155 1178 2220 actio
1200 2157 1382 2236 competere
1405 2155 1513 2237 possit,
1542 2153 1624 2219 haec
1645 2156 1732 2220 bona

388 2265 428 2329 ad
456 2283 518 2329 nos
548 2267 704 2346 tanquam
732 2265 877 2328 vacantia
907 2264 1010 2329 redire
1040 2283 1104 2329 non
1134 2266 1278 2346 possunt.
1321 2263 1442 2328 Eodem
1467 2265 1539 2346 jure
1561 2266 1731 2327 censentur

389 2372 441 2454 qui
462 2371 533 2437 loco
557 2371 807 2436 ministerialium
830 2392 849 2437 a
871 2374 963 2438 nobis
985 2373 1072 2438 bona
1093 2376 1212 2450 tenent,
1244 2371 1373 2436 excluso
1402 2371 1446 2434 eis
1473 2373 1544 2454 jure
1566 2371 1731 2436 hereditali

389 2481 474 2563 quod
501 2479 644 2544 berwede
670 2479 790 2545 dicitur.
834 2517 874 2527 -
917 2481 950 2544 Si
977 2500 1053 2545 vero
1081 2480 1162 2544 iilius
1192 2478 1402 2543 ministerialis
1431 2480 1529 2542 nostri
1558 2478 1608 2543 vel
1637 2479 1731 2544 heres
1760 2492 1792 2544 10

389 2588 555 2670 legitimus,
587 2589 612 2652 si
635 2587 715 2652 filius
737 2607 802 2652 non
825 2592 882 2666 est,
913 2592 1004 2670 patre
1032 2590 1238 2670 praemortuo
1267 2587 1347 2651 infra
1376 2604 1498 2650 annum
1521 2591 1552 2651 et
1574 2588 1658 2652 diem
1678 2589 1730 2670 jus

390 2698 474 2781 qued
504 2695 646 2762 beroem
674 2697 795 2775 dicitur,
827 2695 859 2759 in
891 2699 995 2761 castro
1026 2700 1136 2761 nostro
1163 2695 1255 2759 nobis
1281 2695 1330 2757 vel
1352 2694 1527 2759 camerario
1550 2697 1670 2773 nostre,
1704 2695 1730 2759 si

389 2809 574 2888 praesentes
606 2824 672 2871 nen
705 2824 825 2884 sumus,
859 2807 1109 2888 praesentaverit
1137 2805 1190 2886 jus
1222 2802 1380 2867 bonorum
1413 2821 1545 2867 suerum
1578 2822 1636 2885 per
1670 2803 1730 2868 hec

389 2914 530 2994 salvavit,
553 2916 579 2980 si
602 2934 677 2980 vero
697 2918 937 2998 praesentatum
959 2934 1018 2978 nec
1039 2932 1178 2996 pernes
1200 2931 1259 2976 nec
1281 2931 1339 2995 per
1355 2913 1565 2976 camerarium
1584 2914 1731 2978 nestrum

389 3024 529 3106 recipere
559 3023 721 3102 vellemus,
752 3025 812 3088 sub
843 3024 1024 3088 testimonio
1054 3021 1300 3087 castellanorum
1330 3020 1393 3085 hoc
1422 3020 1589 3102 relinquet,
1624 3024 1657 3085 et
1688 3023 1732 3087 sio

388 3132 471 3197 idem
491 3134 545 3215 jus
566 3132 725 3197 bonorum
748 3151 878 3196 suorum
901 3132 1034 3196 salvavit
1055 3150 1114 3214 per
1136 3149 1255 3213 equum
1278 3130 1442 3195 meliorem
1464 3130 1658 3212 praemortui
1681 3131 1731 3195 vel

389 3257 460 3304 cum
492 3239 623 3304 dimidia
651 3258 770 3319 marca,
800 3242 825 3304 si
853 3259 955 3323 equus
982 3243 1126 3317 nonest,
1157 3237 1356 3303 herivadium
1379 3239 1521 3317 exsolvit,
1552 3238 1730 3304 dummodo

389 3348 456 3414 loco
489 3352 522 3412 et
553 3352 697 3430 tempore
729 3348 790 3414 hoc
823 3349 980 3428 exhibeat,
1020 3350 1101 3412 sicut
1135 3347 1334 3430 praedictum
1368 3350 1426 3412 est.
1475 3347 1508 3411 Si
1540 3367 1616 3412 vero
1650 3349 1731 3414 inira

390 3475 508 3522 annum
532 3461 564 3521 et
585 3457 670 3521 diem
692 3477 732 3522 ex
754 3460 953 3523 contumacia
975 3457 1024 3522 vel
1048 3476 1087 3522 ex
1112 3456 1180 3522 aliis
1202 3457 1305 3520 causis
1330 3454 1481 3520 exhibere
1502 3456 1565 3521 hoc
1586 3457 1730 3537 noluerit,

390 3565 548 3631 bonorum
569 3584 701 3630 suorum
720 3568 772 3648 Jus
794 3567 906 3650 perdit.
950 3568 1012 3645 Qui
1044 3587 1120 3632 vero
1152 3569 1282 3649 propter
1308 3564 1480 3645 legitimam
1508 3568 1729 3632 necessitatem

390 3675 540 3740 exhibere
560 3693 627 3738 non
648 3675 796 3756 potuerit,
827 3676 877 3740 vel
906 3677 981 3759 quia
1010 3680 1059 3741 est
1090 3674 1287 3759 peregrimus
1317 3673 1367 3737 vel
1397 3693 1437 3736 ex
1458 3672 1605 3755 legitimis
1627 3676 1730 3740 causis

390 3782 546 3860 detentus,
568 3782 595 3846 si
617 3785 838 3849 necessitatem
860 3786 974 3864 evadit,
997 3803 1059 3867 qua
1083 3784 1163 3849 hora
1185 3784 1225 3848 de
1246 3785 1452 3864 praemortuo
1471 3782 1529 3846 sibi
1548 3782 1730 3865 innotuerit,

390 3890 429 3955 ab
459 3891 574 3956 eadem
602 3891 745 3972 spacium
774 3891 850 3956 anni
878 3895 910 3956 et
938 3893 999 3956 diei
1026 3893 1178 3974 competit
1208 3891 1250 3955 ad
1276 3890 1474 3954 herivadium
1502 3890 1728 3972 exhibendum,

391 3998 547 4064 eomodo
570 4018 633 4081 quo
655 3999 852 4082 praedictum
874 4005 931 4065 est.
976 4036 1014 4048 -
1058 4001 1138 4065 ltem
1170 3999 1195 4063 si
1227 3999 1436 4064 ministerialis
1462 4002 1572 4064 noster
1598 4002 1730 4066 moritur
1758 4012 1788 4064 11

389 4108 454 4171 sine
473 4107 613 4189 legitime
628 4106 757 4186 herede,
780 4111 812 4171 et
832 4127 914 4173 unus
936 4110 976 4175 de
996 4110 1195 4192 cognatione,
1216 4109 1256 4173 de
1277 4126 1341 4190 qua
1359 4108 1466 4189 plures
1482 4127 1577 4190 agere
1595 4113 1730 4191 possunt

389 4235 446 4297 pre
460 4215 648 4295 hereditate,
670 4214 749 4280 alios
771 4215 894 4283 indole
916 4220 1115 4300 praevenerit
1138 4237 1256 4300 equum
1278 4219 1473 4299 praemortui
1490 4237 1549 4300 pro
1566 4216 1730 4283 herwadio

389 4324 580 4402 exhibendo,
611 4325 636 4388 si
670 4324 801 4407 quilibet
829 4326 963 4391 aliorum
996 4328 1111 4409 quibus
1144 4328 1224 4391 haec
1256 4327 1338 4390 actio
1371 4327 1531 4408 competit,
1568 4327 1729 4393 dimidiam

387 4452 530 4498 marcam
552 4432 729 4498 exhibuerit
751 4434 843 4498 nobis
866 4435 973 4501 debito
1001 4435 1070 4501 loco
1093 4440 1125 4499 et
1146 4440 1301 4518 tempore,
1334 4436 1413 4500 sicut
1443 4437 1641 4519 praedictum
1671 4441 1729 4517 est,

387 4541 502 4607 eodem
535 4543 633 4607 mode
665 4541 734 4606 illos
764 4543 940 4623 audiemus,
983 4546 1063 4609 sicut
1102 4545 1188 4609 illum
1223 4544 1277 4627 qui
1309 4544 1429 4626 primus
1462 4546 1555 4610 nobis
1588 4546 1730 4611 exhibuit

387 4669 517 4735 equum.
549 4650 628 4715 ltem
650 4649 800 4715 exhibitio
820 4649 974 4717 herwadii
996 4672 1053 4735 per
1076 4657 1197 4718 tutores
1219 4672 1331 4718 eorum
1354 4655 1408 4736 qui
1429 4656 1503 4718 sunt
1526 4655 1729 4720 minorennes

387 4760 503 4825 eodem
525 4759 632 4838 modo,
667 4759 737 4824 loco
764 4763 796 4824 et
818 4762 962 4843 tempore
985 4761 1171 4844 completur,
1204 4760 1284 4825 sicul
1310 4781 1367 4843 per
1397 4762 1532 4826 heredes
1560 4764 1645 4844 ipsos
1676 4764 1728 4845 qui

389 4873 465 4934 sunt
487 4868 645 4959 legitimae
668 4869 791 4933 aetatis.
833 4904 876 4916 -
918 4869 996 4933 ltem
1019 4869 1230 4934 ministerialis
1260 4875 1368 4935 noster
1389 4871 1616 4953 proprietatem
1637 4868 1731 4934 here-
1758 4874 1791 4927 .)

388 4977 521 5044 ditalem
543 4996 609 5041 non
629 4980 736 5060 potest
765 4977 837 5061 plus
859 4978 997 5043 alienare
1020 4997 1117 5061 quarn
1142 4976 1190 5065 [a]
1213 4979 1305 5043 nobis
1328 4980 1496 5044 inleodata.
1530 5017 1569 5026 -
1602 4979 1682 5043 Item
1704 4979 1729 5044 si
1759 4982 1791 5035 3

388 5088 453 5152 duo
477 5106 517 5151 ex
539 5085 655 5150 nostris
683 5074 923 5152 matrimonium
953 5088 1154 5167 contrahunt,
1185 5089 1341 5153 habentes
1372 5089 1452 5152 duas
1473 5086 1676 5168 hereditates,
1705 5090 1731 5153 si

385 5197 455 5263 sine
476 5196 596 5261 herede
627 5198 813 5275 moriuntur,
843 5194 1035 5261 hereditates
1068 5200 1268 5262 revertuntur
1296 5198 1337 5262 ad
1369 5197 1506 5279 stipitem
1528 5215 1547 5259 a
1570 5217 1634 5280 quo
1656 5219 1730 5282 pro-

386 5308 561 5373 cesserunt.
689 5305 769 5370 ltem
790 5306 817 5370 si
838 5304 902 5370 duo
925 5323 965 5369 ex
986 5305 1101 5370 nostris
1124 5306 1328 5384 contrahunt,
1357 5308 1518 5373 transacta
1546 5312 1639 5374 necte
1665 5328 1730 5391 qua
