4250 6109
1030 655 1098 712 1208
1694 636 1735 701 23

389 815 547 898 religionis
570 818 798 884 ethonestatis
828 819 959 884 ecclesie
990 823 1094 885 vestre
1115 819 1308 885 desiderium
1330 818 1492 884 suscitavit
1513 818 1545 883 in
1566 818 1669 897 nobis,
1700 820 1736 882 ut

390 924 555 991 ecclesiam
577 931 720 993 nostram
742 929 770 993 ei
791 928 928 1012 speciale
949 929 1091 994 karitatis
1112 928 1274 993 vinculum
1296 927 1464 1008 colligaret.
1494 926 1552 992 Cui
1575 925 1734 992 desiderio

388 1054 448 1116 per
478 1034 598 1101 litteras
631 1040 756 1102 nostras
788 1037 879 1102 vobis
912 1036 1056 1120 exposito
1093 1036 1305 1102 universitatis
1337 1037 1441 1100 vestre
1474 1033 1657 1100 benivolum
1691 1038 1732 1112 et,

388 1146 423 1208 ut
451 1161 631 1225 speramus
662 1145 725 1210 imo
755 1145 953 1223 confidimus,
986 1144 1175 1229 inspiratum
1205 1163 1225 1209 a
1254 1144 1321 1209 Deo
1350 1144 1528 1226 gaudemus
1557 1146 1588 1207 et
1618 1142 1735 1224 gratias

387 1251 514 1333 agimus
543 1253 714 1317 accessisse
744 1273 947 1322 consensum.
991 1253 1122 1320 Gratum
1150 1254 1243 1336 igitur
1264 1256 1297 1319 et
1317 1255 1421 1319 ratam
1442 1253 1577 1318 libenter
1598 1251 1736 1316 habituri

386 1364 546 1444 perpetuo
575 1363 828 1446 conjunctionem
860 1364 1065 1429 ecclesiarum
1095 1366 1200 1429 vestre
1229 1366 1261 1427 et
1281 1364 1389 1427 nostre
1411 1361 1552 1444 presenti
1572 1358 1733 1425 autentico

387 1473 615 1553 protestamur,
646 1470 733 1555 quod
763 1471 921 1537 societatis
953 1471 1033 1536 illius
1063 1475 1094 1536 et
1122 1470 1186 1536 voti
1215 1468 1305 1534 vobis
1332 1468 1438 1545 debiti,
1472 1468 1559 1551 quod
1587 1466 1735 1532 ecclesias

387 1598 517 1645 sorores
539 1584 652 1645 mutuo
673 1579 732 1645 sibi
754 1580 872 1645 debere
893 1579 977 1659 lacit,
1000 1579 1150 1661 obligatio
1173 1577 1318 1661 specialis
1335 1577 1466 1643 ecclesia
1483 1580 1587 1642 vestre
1607 1595 1735 1658 semper

388 1689 510 1755 erimus
533 1688 703 1755 debitores.
1116 1707 1120 1717 ·

517 1804 538 1868 2
561 1803 668 1888 &teget
690 1803 862 1888 obgelatleu.

386 2175 443 2244 32.
467 2216 506 2226 -
530 2176 720 2250 Otuotrttd.
743 2176 836 2247 1208.

560 2307 676 2390 bilibri
698 2308 835 2392 (bertum
865 2308 1016 2392 ibettttgt
1047 2307 1092 2375 bei
1114 2307 1164 2374 ber
1186 2306 1397 2387 ltelotmction
1419 2306 1471 2373 bea
1493 2307 1526 2372 in
1548 2306 1663 2390 ttetlctl
1687 2324 1733 2390 ge:

560 2418 701 2501 ruthenen
723 2416 854 2495 storea
876 2414 1044 2501 betgebtod
1070 2415 1230 2497 bemlelben
1260 2415 1314 2495 aul
1336 2416 1441 2484 ttittcn
1468 2415 1562 2497 leiuet
1584 2416 1650 2483 bort
1673 2433 1731 2481 neu

560 2525 610 2592 ota
632 2524 775 2604 ttebtittm
804 2524 984 2609 eingeteaten
1006 2524 1169 2607 &ducier
1190 2523 1315 2605 uentre
1345 2525 1391 2592 bie
1421 2523 1523 2606 trater
1552 2525 1617 2591 bern
1640 2523 1732 2606 &rte

560 2632 647 2712 tader
675 2651 724 2700 om
746 2634 845 2700 mame
874 2632 1037 2717 gultetenbe
1059 2631 1530 2716 ttrdibicconotgeridptttrcrteit;
1567 2633 1617 2698 bet
1640 2630 1733 2712 fficio:

560 2741 646 2820 tader
680 2741 755 2808 totth
788 2741 873 2824 bord)
907 2740 1091 2825 ttetleibuug
1124 2740 1174 2807 ber
1206 2739 1662 2824 aeditimonatgedotabmteu
1700 2741 1732 2806 in

561 2849 760 2934 ionglttben,
782 2849 908 2930 butum,
931 2848 1066 2931 eappan
1088 2849 1150 2916 aab
1173 2848 1300 2933 ttelttup
1324 2848 1506 2933 enttrbtbigt.

664 2978 794 3049 uulnere
811 2979 856 3038 bei
875 2983 914 3038 15.
933 2978 1041 3049 Soliti),
1061 2978 1130 3048 litte.
1149 2983 1206 3046 189,
1225 2978 1260 3039 ὅ.
1278 2982 1351 3038 273¹.
1379 2978 1476 3038 §Druck
1495 2977 1589 3047 little
1606 2978 1657 3037 ur.
1676 2979 1733 3038 102.

519 3099 555 3162 ln
577 3099 706 3162 nomine
732 3100 841 3162 sancte
868 3100 899 3160 et
927 3096 1085 3162 individue
1107 3096 1278 3163 Trinitatis.
1321 3096 1533 3183 Gterhardus)
1555 3097 1611 3161 Dei
1633 3097 1735 3178 gratia

389 3206 649 3288 osnaburgensis
681 3206 812 3270 ecclesie
845 3205 1012 3288 episcopus
1044 3205 1199 3271 universis
1230 3205 1306 3271 Jesu
1339 3205 1454 3271 Christi
1486 3205 1632 3270 fidelibus
1666 3209 1733 3269 tam

388 3315 593 3399 presentibus
613 3333 710 3397 quam
731 3314 853 3379 futuris.
875 3314 928 3380 Ad
949 3316 1170 3380 universorum
1192 3315 1245 3399 qui
1266 3316 1350 3381 hanc
1371 3316 1519 3399 paginam
1541 3315 1735 3398 inspexerint

389 3425 541 3489 noticiam
565 3423 711 3489 volumus
732 3422 909 3506 pervenire,
932 3423 1018 3506 quod
1041 3442 1115 3488 cum
1137 3423 1270 3488 ecclesia
1291 3425 1323 3488 in
1344 3422 1546 3489 Hersebrolxe
1568 3424 1733 3488 innostra

390 3532 511 3598 diocesi
532 3533 702 3598 constituta
719 3534 750 3597 in
766 3535 857 3597 mata
880 3532 990 3598 luisset
1010 3534 1114 3618 posita
1129 3532 1350 3612 dissolucione,
1372 3537 1407 3597 ut
1423 3536 1553 3615 propter
1573 3530 1732 3596 delectum

391 3643 548 3707 interioris
570 3641 732 3724 discipline
754 3659 819 3706 non
833 3641 995 3707 modicum
1011 3643 1181 3707 sustineret
1197 3640 1311 3706 eadem
1326 3641 1357 3705 in
1375 3639 1584 3705 exterioribus
1603 3639 1734 3704 ecclesia

388 3751 549 3834 jacturam
571 3753 603 3814 et
626 3750 881 3832 Osnaburgensis
903 3749 1035 3815 ecclesia
1056 3749 1253 3827 scandalum,
1276 3767 1335 3813 nos
1357 3754 1485 3814 mortua
1507 3747 1651 3832 ejusdem
1673 3745 1733 3812 loci

393 3857 489 3922 telicis
517 3856 671 3921 memorie
705 3857 878 3936 abbatissa,
907 3875 981 3920 cum
1011 3855 1141 3921 consilio
1172 3856 1271 3922 tocius
1305 3858 1434 3923 ecclesie
1464 3859 1573 3923 nostre
1594 3857 1734 3921 toleratis

393 3965 511 4031 ibidem
544 3984 607 4049 que
639 3964 793 4030 hactenus
830 3964 1013 4030 seculariter
1049 3966 1193 4030 vixerant
1231 3968 1263 4030 et
1299 3965 1404 4030 adhuc
1442 3966 1547 4030 vivere
1584 3965 1735 4030 volebant
1845 4043 1850 4053 .

392 4073 557 4139 sororibus
578 4076 669 4137 extra
690 4076 882 4138 conventum
904 4075 1023 4152 umen,
1046 4073 1078 4137 in
1101 4072 1214 4138 eodem
1237 4072 1307 4138 loco
1329 4075 1521 4138 conventum
1543 4072 1735 4137 instituimus

392 4180 679 4246 sanctimonialium
701 4182 913 4246 communiter
933 4181 1106 4246 viventium
1129 4201 1202 4248 cum
1218 4181 1348 4247 consilio
1363 4183 1463 4247 tocius
1479 4182 1609 4247 ecclesie
1627 4187 1736 4248 nostre

391 4290 454 4355 sub
483 4290 676 4356 districtione
706 4308 743 4354 ac
771 4291 882 4372 regula
911 4309 1009 4374 quam
1037 4291 1141 4357 solent
1167 4310 1205 4357 ac
1235 4294 1385 4357 tenentur
1416 4291 1587 4357 observare
1619 4294 1735 4358 sancti·

393 4398 548 4465 moniales
568 4398 688 4463 incluse
710 4417 748 4463 ac
770 4398 838 4464 Deo
866 4419 925 4482 per
952 4400 1059 4465 velum
1081 4419 1118 4466 ac
1139 4404 1249 4466 votum
1272 4400 1389 4476 dicale;
1423 4401 1532 4483 eisque
1554 4401 1735 4484 preficimus

358 4494 362 4503 ’
393 4528 465 4575 cum
508 4508 637 4574 consilio
677 4506 808 4571 ecclesie
844 4511 952 4571 nostre
991 4526 1134 4572 sororem
1176 4510 1320 4573 nostram
1356 4506 1532 4572 Beatricem
1571 4509 1736 4575 Bersensis

393 4616 525 4682 ecclesie
554 4615 760 4681 abbatissam
805 4614 875 4693 Que
905 4634 978 4680 cum
1008 4616 1126 4681 dictam
1156 4615 1320 4682 ecclesiam
1354 4616 1562 4681 exterioribus
1594 4617 1735 4701 indigere

392 4726 516 4792 videret
537 4725 668 4804 auxiliis,
702 4725 856 4789 instanter
877 4723 986 4807 petivit
1008 4743 1027 4788 a
1049 4725 1151 4802 nobis,
1181 4729 1215 4790 ut
1244 4726 1388 4790 bannum
1420 4725 1564 4808 ejusdem
1593 4726 1734 4806 ecclesie,
1794 4747 1796 4749 ·

393 4837 446 4921 qui
476 4835 569 4901 scolis
598 4834 718 4899 Osnab.
747 4832 789 4896 ab
818 4836 1021 4898 antecessore
1050 4835 1162 4898 nostro
1192 4833 1324 4898 collatus
1350 4832 1463 4910 luerat,
1492 4834 1622 4899 ecclesie
1651 4835 1734 4900 dicte

391 4964 450 5028 per
479 4943 612 5009 vicarios
641 4961 716 5008 suos
745 4942 990 5024 gubernandum
1017 4946 1173 5026 perpetuo
1202 4942 1400 5008 committere
1432 4942 1595 5008 vellemus.
1640 4944 1734 5023 Quod

391 5055 504 5137 utique
533 5053 665 5129 lecimus
694 5054 830 5134 pensata
857 5052 991 5117 utilitate
1020 5053 1144 5136 pretate
1167 5051 1297 5119 ecclesie
1318 5070 1391 5116 cum
1414 5070 1572 5117 consensu
1594 5055 1735 5137 magistri

392 5163 488 5230 Obici
515 5166 590 5227 tuno
617 5159 771 5226 scolastici
792 5160 977 5225 attendente
1005 5180 1164 5227 consensu
1186 5161 1240 5228 Os.
1263 5161 1394 5227 ecclesie
1415 5161 1572 5245 scolisque
1594 5163 1625 5228 in
1647 5183 1735 5228 cour·

390 5272 579 5360 pensatione
592 5266 800 5352 relinquimus
815 5269 941 5334 bannos
957 5268 1162 5335 ecclesiarum
1175 5269 1395 5353 Langenvord,
1406 5269 1557 5350 Baebem,
1568 5270 1733 5355 Cappelen
