4250 6109
993 644 1059 701 1225
1640 632 1696 695 151

477 808 637 873 Universis
660 807 777 875 Christi
798 808 944 874 fidelibus
965 810 1131 892 presencia
1152 810 1265 875 visuris
1287 829 1345 875 seu
1367 810 1521 875 addituris
1544 830 1603 875 nos
1618 810 1699 876 ller-

345 935 488 981 mannus
510 916 622 995 abbas,
644 916 740 1000 prior,
755 919 977 1000 ..prepositus
998 919 1148 1001 totusque
1170 921 1347 983 conventus
1363 918 1496 984 ecclesie
1516 918 1698 985 Corbiensis

344 1025 485 1089 salutem
508 1027 540 1089 et
562 1044 777 1107 congnoscere
798 1026 844 1090 rei
866 1027 981 1108 scripte
1004 1028 1179 1092 veritatem.
1201 1026 1369 1106 Noveritis‚
1393 1027 1480 1110 quod
1503 1046 1543 1092 ex
1564 1027 1697 1110 antiquo

341 1134 416 1215 jure
439 1136 472 1198 et
494 1133 674 1216 approbata
695 1132 926 1198 consuetudine
953 1133 1014 1199 hoc
1045 1135 1133 1217 apud
1160 1154 1219 1198 nos
1241 1138 1273 1199 et
1295 1134 1377 1200 circa
1399 1136 1550 1201 scultetos
1571 1140 1697 1202 nostros

343 1259 384 1305 ac
400 1260 515 1305 eorum
529 1241 769 1307 villicationibus
786 1243 988 1322 adherentes,
1011 1244 1128 1309 scilicet
1140 1243 1254 1308 litones
1269 1244 1323 1326 qui
1339 1243 1511 1328 hmoelinpe
1527 1245 1698 1326 vulgariter

344 1354 584 1433 nuncupantur,
601 1351 737 1416 debetur
754 1353 971 1418 inviolabiliter
990 1354 1162 1434 observari,
1186 1357 1273 1438 quod
1295 1357 1353 1441 ipsi
1374 1356 1497 1422 sculteti
1515 1356 1697 1440 quicunque

343 1460 464 1524 tuerint
486 1461 579 1526 nobis
600 1464 633 1525 et
654 1462 785 1526 ecclesie
807 1465 915 1527 nostre
936 1462 978 1527 ad
1000 1463 1196 1528 solucionem
1212 1469 1364 1530 consuete
1381 1465 1542 1548 pensionis
1561 1464 1696 1529 fideliter

342 1568 551 1633 tenebuntur.
595 1567 715 1634 Deinde
744 1569 787 1634 bii
815 1569 901 1634 idem
930 1571 1043 1635 litones
1074 1571 1167 1636 nobis
1199 1577 1231 1638 et
1262 1574 1351 1639 dictis
1380 1573 1520 1638 scultetis
1542 1593 1582 1638 ex
1604 1576 1696 1657 parte

342 1681 457 1742 nostra
480 1678 645 1743 occasione
676 1697 826 1760 agrorum
857 1696 937 1761 quos
968 1678 1076 1743 colunt
1104 1680 1147 1744 ad
1176 1679 1313 1744 honesta
1334 1682 1366 1744 et
1389 1683 1543 1745 consueta
1564 1679 1696 1744 servicia

343 1786 477 1868 obligati
499 1787 659 1851 videntur:
681 1786 725 1850 ita
747 1805 834 1866 sane,
857 1787 944 1869 quod
966 1806 1032 1852 non
1052 1788 1201 1853 violentia
1216 1790 1375 1854 servitutis
1390 1789 1571 1873 importune
1587 1790 1695 1873 oppri-

343 1898 484 1975 mantur,
507 1895 565 1960 sed
586 1895 685 1959 semel
707 1896 799 1960 nobis
820 1899 852 1959 et
874 1894 920 1959 eis
941 1894 1051 1959 estatis
1074 1897 1105 1958 et
1127 1895 1269 1961 secundo
1284 1896 1438 1980 hyemalis
1456 1900 1601 1980 ternpore
1620 1916 1692 1962 cum

342 2004 464 2068 tamilla
494 2022 559 2086 qua
589 2003 632 2068 ad
661 2003 748 2086 ipsos
781 2004 961 2068 venerimus
990 2002 1032 2068 ad
1062 2003 1279 2087 recipiendum
1312 2009 1344 2070 et
1366 2006 1604 2089 procurandum
1634 2025 1694 2072 nos

342 2113 454 2194 utique
488 2111 692 2177 tenebuntur.
736 2111 778 2176 Ut
811 2112 883 2177 dicti
913 2110 1036 2176 sculteti
1068 2111 1110 2176 ad
1143 2112 1333 2178 solutionem
1366 2115 1530 2197 pensionis
1562 2114 1692 2180 uberius

340 2221 512 2298 sufficiant,
544 2239 564 2284 a
596 2219 725 2303 prelatis
757 2221 907 2286 litonibus
940 2239 1091 2285 curruum
1124 2224 1156 2285 et
1185 2225 1363 2286 aratrorum
1398 2241 1528 2287 suorum
1561 2222 1692 2287 servicia

341 2334 494 2414 poterunt
515 2330 674 2395 interdum
697 2331 859 2414 requirere
881 2329 1048 2394 moderata
1070 2331 1103 2392 et
1120 2347 1327 2411 nequaquam
1349 2348 1368 2393 a
1390 2329 1482 2395 nobis
1505 2333 1537 2394 et
1558 2329 1691 2395 ecclesia

341 2445 453 2506 nostra
473 2441 561 2523 ipsos
582 2439 723 2504 vendere
740 2441 890 2522 poterunt
907 2457 965 2503 seu
981 2438 1122 2502 alienare
1137 2456 1197 2502 nec
1215 2457 1326 2503 eorum
1342 2439 1493 2503 servitute
1510 2439 1552 2503 ad
1567 2438 1691 2504 libitum

341 2570 436 2616 suurn
459 2549 548 2614 abuti
569 2548 620 2613 vel
642 2567 718 2613 suos
741 2548 980 2632 quomodolibet
1000 2548 1147 2631 proprios
1169 2548 1325 2613 arbitrari.
1368 2547 1404 2611 ln
1426 2548 1516 2630 cujus
1537 2548 1582 2612 rei
1604 2548 1693 2614 testi·

342 2660 497 2735 monium,
528 2659 627 2723 robur
656 2660 848 2740 perpetuum
870 2659 902 2721 et
924 2656 1089 2720 munimen
1111 2674 1245 2739 presens
1267 2656 1512 2721 instrumentum
1535 2656 1691 2722 conscribi

341 2770 474 2834 lecimus
505 2770 536 2832 et
566 2769 676 2832 nostro
706 2765 806 2849 sigillo
835 2785 875 2829 ex
903 2767 991 2829 certa
1020 2766 1132 2828 nostra
1162 2765 1354 2830 conscientia
1383 2765 1515 2829 tirmiter
1538 2765 1691 2848 jussimus

342 2877 494 2943 roborari.
518 2874 634 2940 Datum
656 2893 743 2940 anno
765 2872 891 2940 Domini
908 2870 1169 2948 M⁶.CG⁰.XXV⁰;
1191 2872 1261 2954 ipso
1283 2871 1335 2936 die
1356 2871 1512 2937 Valentini
1534 2872 1690 2956 martyris.

343 3167 418 3236 2⁰⁰.
440 3206 485 3217 -
508 3166 652 3240 werna
676 3166 770 3247 1225,
792 3164 982 3250 &volenter
1003 3165 1035 3237 3.

510 3300 610 3386 asna
634 3299 769 3383 betnrtd)
791 3299 886 3385 (VH.)
916 3298 994 3384 picta
1023 3298 1089 3367 tent
1119 3296 1281 3381 etmdblten
1310 3296 1427 3379 ffiiltlvl
1448 3297 1608 3382 eructuet
1629 3317 1689 3367 uon

508 3405 680 3474 Dsncbrttd
696 3408 753 3473 bos
770 3405 869 3489 ttedt,
890 3405 936 3474 bie
952 3405 1123 3491 &operiente
1144 3423 1179 3489 pr
1195 3405 1429 3492 Danubium),
1451 3406 1565 3491 nuovo,
1586 3408 1690 3488 illota

507 3515 622 3598 tuition,
644 3515 771 3597 butun,
793 3515 959 3598 bremide,
980 3515 1111 3583 bomne
1133 3514 1194 3582 unt
1217 3513 1421 3583 idiotentttid
1451 3515 1506 3581 nit
1535 3534 1595 3584 eon
1626 3517 1687 3602 ibn

509 3631 675 3693 ernonnten
697 3625 854 3710 (boqrcten
875 3643 910 3710 au
931 3624 1060 3706 beletro.

605 3755 748 3827 qulnot:
767 3755 938 3826 memoratu.
974 3756 1072 3815 baud:
1091 3755 1185 3827 titulat
1203 3755 1253 3812 btv.
1273 3757 1333 3812 137.
1369 3756 1585 3828 tittmesffldes
1602 3759 1687 3828 3979,

604 3843 689 3913 beent.
708 3842 771 3913 oum
785 3843 917 3914 titillant,
935 3843 1132 3915 bteidatonatet
1148 3843 1186 3901 Θ.
1199 3844 1244 3912 92,
1261 3853 1303 3899 roe
1323 3843 1386 3914 norb
1405 3843 1518 3900 tinini
1537 3844 1686 3916 bleramus

605 3929 665 3987 tort
684 3930 812 4002 ponente
831 3929 946 3999 denote
964 3943 998 4001 qu
1016 3930 1163 3999 uerbenam
1182 3929 1220 4001 iit.

465 4049 661 4136 H(einricus)
684 4049 741 4113 Dei
766 4049 867 4131 gratia
887 4048 1110 4114 Romanorum
1137 4066 1194 4111 rex
1220 4051 1252 4111 et
1277 4065 1406 4129 semper
1427 4052 1590 4128 augustus.
1633 4051 1686 4116 Ad

343 4162 431 4225 totius
454 4138 633 4242 ignorantie
654 4157 837 4241 scrupulum
859 4155 1070 4221 resecandum
1098 4157 1210 4219 notum
1233 4153 1365 4219 facimus
1387 4156 1541 4221 universis
1563 4158 1686 4242 imperii

342 4269 494 4347 fidelibus,
523 4268 610 4350 quod
640 4266 772 4331 dilectus
798 4266 946 4349 princeps
974 4266 1005 4328 et
1036 4263 1291 4343 consanguineus
1317 4267 1426 4329 noster
1446 4263 1685 4351 E(ngelbertus)

341 4378 594 4460 Osnaburgensis
622 4375 739 4441 electus
765 4394 784 4439 a
811 4377 921 4439 nostra
946 4372 1119 4456 postulant
1140 4371 1335 4451 excellentia,
1363 4377 1399 4437 ut
1428 4374 1460 4438 in
1492 4373 1685 4457 quibusdam

340 4488 412 4553 villis
432 4487 483 4552 sui
504 4485 706 4568 episcopatus
728 4483 873 4548 videlicet
893 4481 965 4567 -¹)
987 4479 1220 4562 Osnaburgen,
1241 4481 1379 4561 Yburch,
1403 4482 1505 4562 Melle,
1531 4483 1685 4567 Dyssene,

341 4596 512 4680 Ancheym,
535 4593 676 4672 Bramez,
699 4591 845 4669 Damme,
868 4585 1088 4654 widenbrfike
1106 4589 1261 4672 judicium
1284 4591 1371 4672 quod
1394 4591 1489 4672 vulgo
1509 4592 1686 4676 popericlrte

338 4707 515 4790 appellatur
544 4704 612 4786 ipse
644 4703 757 4784 suique
790 4717 991 4764 successores
1023 4716 1082 4779 per
1111 4698 1276 4778 gogravios
1308 4699 1454 4779 proprios
1486 4699 1528 4764 ab
1562 4701 1606 4764 eis
1635 4701 1684 4765 in·

337 4815 459 4880 stitutus
482 4812 580 4877 libere
602 4812 811 4892 exequantur,
841 4806 927 4891 quod
956 4806 1136 4870 liberiorem
1165 4805 1306 4869 babeant
1331 4824 1461 4870 suorum
1484 4806 1683 4873 subditorum

338 4940 484 4986 excessus
506 4923 539 4984 et
560 4917 743 4983 insolentias
764 4915 940 4997 corrigendi
962 4914 1155 4978 facultatem.
1177 4912 1243 4977 Nos
1265 4912 1367 4994 igitur,
1390 4933 1463 4978 cum
1486 4935 1525 4978 ex
1547 4918 1684 5000 suscepti

337 5047 409 5095 cura
430 5027 593 5111 regiminis
614 5025 868 5109 promotionibus
890 5023 1095 5089 ecclesiarum
1124 5022 1290 5086 intendere
1320 5024 1489 5087 teneamur
1520 5027 1553 5088 et
1574 5042 1629 5089 eas
1651 5025 1684 5090 in

336 5138 380 5202 sui
406 5137 486 5221 iuris
517 5133 758 5200 conservatione
790 5133 964 5197 clementer
994 5131 1175 5209 confovere,
1208 5132 1377 5195 memorati
1407 5132 1555 5215 principis
1584 5135 1684 5199 nostri

338 5243 545 5330 angelberti)
563 5242 705 5326 petitioni
723 5242 775 5324 pio
792 5242 1017 5306 concurrentes
1035 5257 1170 5303 assensu
1191 5238 1223 5302 in
1245 5241 1474 5320 prenominatis
1496 5241 1575 5307 villis
1595 5242 1681 5308 idem
