4250 6109
398 664 462 731 314
1037 692 1105 748 1240

395 844 576 911 testimonio
598 850 799 930 perhennari.
838 853 990 919 Noverint
1013 857 1107 938 igitur
1128 859 1194 920 tam
1219 857 1313 920 tuturi
1336 873 1433 938 quam
1458 857 1639 936 presentes,
1663 850 1743 935 quod

396 970 455 1016 nos
476 953 517 1017 ad
540 954 695 1021 honorem
718 958 776 1023 Dei
805 968 837 1025 et
868 963 1003 1043 gloriose
1032 966 1143 1030 matris
1174 965 1242 1047 ejus
1270 982 1399 1046 semper
1429 962 1560 1043 virginis
1583 959 1685 1024 Marte
1711 978 1744 1024 ao

395 1059 426 1124 in
449 1063 667 1130 remissionem
695 1074 898 1150 peccatorum
927 1075 1109 1136 nostrorum
1138 1073 1178 1136 de
1200 1090 1360 1135 consensu
1382 1067 1539 1133 heredum
1562 1072 1744 1133 nostrorum

395 1170 558 1235 ecclesiam
589 1173 619 1236 in
650 1175 788 1239 Alsvede
818 1196 891 1240 cum
922 1179 998 1243 dote
1028 1178 1202 1243 Mindensis
1234 1180 1368 1244 diocesis
1402 1177 1575 1243 venerabili
1611 1176 1744 1241 cenobio

394 1276 595 1343 dominarum
610 1282 729 1346 ordinis
746 1282 961 1349 cisterciensis
976 1287 1008 1350 in
1023 1286 1133 1350 Laden
1156 1287 1242 1368 quod
1266 1286 1308 1349 ibi
1331 1285 1426 1369 paulo
1446 1290 1521 1350 anto
1540 1285 1745 1351 fundavimus

393 1384 491 1449 libere
514 1388 704 1453 contulimus
726 1396 880 1473 perpetuo
903 1392 1145 1474 possidendam:
1175 1394 1235 1457 hac
1265 1398 1374 1458 tamen
1398 1393 1525 1475 adjecta
1546 1392 1744 1468 condicione,

392 1496 428 1557 ut
449 1495 585 1560 eandem
609 1498 773 1563 ecclesiam
807 1519 866 1564 nec
895 1500 1077 1584 prepositus
1105 1521 1165 1566 nec
1190 1501 1353 1566 abbatissa
1375 1521 1433 1584 per
1454 1519 1489 1564 se
1510 1500 1569 1564 sed
1594 1500 1637 1564 de
1659 1518 1745 1564 com·

392 1603 481 1666 muni
503 1623 661 1670 consensu
684 1608 828 1673 conterre
849 1608 1018 1694 persone¹)
1040 1609 1166 1692 ydonee
1188 1611 1367 1673 teneantur.
1390 1607 1438 1672 Ne
1456 1626 1534 1687 ergo
1552 1606 1616 1670 hec
1638 1609 1743 1670 nostra

392 1710 523 1775 donatio
535 1713 640 1777 valeat
651 1715 681 1777 in
694 1719 857 1796 posterum
871 1717 993 1796 irritari,
1012 1722 1194 1799 presentem
1208 1717 1357 1798 paginam
1372 1714 1545 1796 sigillorum
1557 1718 1741 1778 nostrorum

392 1820 568 1884 munimine
582 1820 732 1885 duximus
749 1822 974 1889 roborandam.
997 1823 1112 1888 Testes
1134 1824 1228 1906 hujus
1251 1823 1295 1887 roi
1313 1828 1400 1886 sunt:
1423 1822 1525 1886 clerici
1545 1822 1646 1886 trater
1666 1820 1744 1884 Her·

391 1931 502 1990 nestus
524 1928 609 2008 prior
631 1929 762 1991 fratrum
784 1931 1018 2012 predicatorum
1034 1931 1254 1994 Bremensium
1279 1934 1311 1994 et
1333 1931 1436 1994 socius
1455 1948 1534 1993 suus
1553 1929 1742 2003 Helewious,

392 2031 540 2097 Cesarius
562 2038 637 2098 tunc
659 2038 812 2119 temporis
829 2040 1009 2122 prepositus
1025 2039 1066 2103 de
1081 2039 1198 2114 Laden,
1221 2038 1375 2102 Martinus
1391 2038 1542 2102 sacerdos
1558 2038 1603 2102 de
1620 2037 1742 2119 Hagen,

391 2139 553 2205 lohannes
585 2141 684 2207 Stella
722 2146 906 2227 capellanus
946 2151 1069 2223 noster;
1107 2147 1222 2211 milites
1260 2147 1429 2211 Conradus
1461 2132 1741 2228 Scapessculdere‚

390 2244 600 2328 Engelbertus
623 2251 663 2314 de
680 2250 838 2330 Horstelo,
861 2254 1065 2319 Hermannus
1087 2255 1224 2332 debon,
1247 2252 1436 2318 Godetridus
1458 2255 1499 2318 de
1519 2253 1740 2336 Oldenthorpe

390 2355 494 2418 etalii
518 2375 616 2438 quam
638 2357 755 2439 plures.
800 2361 880 2424 Acta
902 2366 978 2426 sunt
998 2366 1058 2427 hec
1079 2364 1109 2425 in
1134 2365 1238 2426 castro
1260 2365 1370 2426 nostro
1391 2361 1626 2443 Telreneburg3
1658 2379 1741 2426 anno

389 2461 514 2528 Domini
523 2464 551 2550 ²)
573 2465 807 2544 M⁰.CC⁰.XL⁰;
830 2468 929 2533 Nonis
952 2470 1096 2552 Augusti.

496 2614 516 2678 ¹)
537 2611 659 2681 tobtntcr
677 2616 719 2669 dn
738 2617 846 2685 gmettrd
865 2632 880 2670 e
900 2614 976 2685 baad)
995 2616 1195 2688 untergeirpten
1216 2617 1307 2686 tinnit
1327 2617 1428 2688 getitgt.
1457 2646 1490 2655 -
1523 2615 1546 2683 ¹)
1566 2614 1694 2687 hobtntrt
1710 2633 1738 2670 ce

390 2695 466 2766 batn]
485 2697 666 2768 untergeieptc
685 2698 791 2769 nunno
811 2702 911 2771 grtilgt.

513 2832 598 2915 gnei
614 2835 845 2918 &matriamen
866 2854 925 2902 oon
944 2835 1037 2903 benen
1053 2838 1099 2904 bie
1116 2838 1223 2922 anger
1241 2841 1403 2925 obgclotten
1424 2841 1496 2921 inb,
1520 2840 1583 2908 unb
1604 2840 1738 2923 &mnino

388 2938 439 3027 [ot
461 2942 546 3008 einen
569 2942 679 3009 britton
701 2944 760 3027 ient
781 2945 955 3012 nettotonen
978 2945 1115 3015 ttionen.

385 3292 464 3360 402.
485 3333 528 3343 -
551 3295 802 3378 bruncionem.
825 3298 918 3378 1240,
941 3299 1059 3383 tingat
1079 3299 1111 3368 9.

554 3427 647 3512 tinnit
670 3427 789 3512 &tegor
810 3429 862 3492 ill.
893 3429 991 3512 berutt
1021 3429 1138 3512 titillat
1168 3428 1357 3514 (bnqetbett)
1379 3446 1438 3495 oon
1461 3428 1641 3497 Denobtttd
1669 3447 1732 3513 gun

556 3536 673 3604 bonni.

653 3665 725 3736 aad
753 3667 943 3738 btegtitctbonb
971 3670 1015 3739 20,
1042 3670 1090 3724 fol.
1114 3671 1167 3726 485
1195 3673 1231 3727 im
1260 3669 1451 3740 nantoniidnn
1480 3668 1604 3737 ttrtbtbr.
1642 3668 1737 3728 mne:

653 3751 823 3823 nurenberg,
842 3755 959 3823 epistoll.
979 3755 1037 3810 soll.
1058 3757 1080 3823 1,
1100 3757 1161 3823 781,
1180 3756 1217 3814 e.
1237 3758 1298 3812 681.

824 3923 831 3936 .
856 3923 862 3937 .
886 3873 1035 3955 episcopo
1058 3873 1298 3956 Osnaburgensi

511 3979 628 4045 Etema
651 3979 850 4062 providentia
872 3979 1052 4045 Conditoris
1079 3985 1224 4046 sanctam
1256 3985 1285 4045 et
1310 3980 1549 4045 immaculatam
1572 3982 1737 4047 ecclesiam

385 4108 405 4153 a
433 4109 491 4154 sue
520 4087 716 4152 fundationis
749 4087 880 4151 exordio
913 4107 952 4150 eo
982 4087 1080 4153 voluit
1109 4089 1220 4153 ordine
1249 4088 1431 4169 gubernari,
1465 4090 1500 4151 ut
1531 4090 1588 4153 uni
1621 4090 1737 4171 pastori

384 4197 551 4280 potestatis
572 4195 801 4277 plenitudinem
834 4195 989 4259 obtinenti
1018 4195 1114 4260 ceteri
1143 4200 1266 4278 partem
1297 4195 1513 4260 sollicitudinis
1536 4200 1738 4262 assumentes

385 4310 541 4388 tanquam
571 4303 719 4367 membra
749 4302 842 4384 capiti
872 4303 1113 4366 communicatis
1140 4303 1326 4366 alterutrum
1349 4303 1588 4384 emergentibus
1611 4305 1737 4369 casibus

385 4411 503 4477 unione
525 4409 733 4475 indissolubili
754 4409 952 4487 cohererent,
970 4429 1029 4491 per
1049 4429 1148 4493 quam
1171 4411 1215 4472 eis
1233 4409 1441 4473 consensibus
1462 4408 1580 4473 mutuis
1597 4410 1737 4475 solidatis

386 4523 482 4604 caput
501 4518 730 4584 famulantibus
752 4517 905 4582 membris
934 4518 1073 4598 rigorem
1101 4520 1280 4582 assumeret
1301 4521 1333 4581 et
1355 4518 1576 4582 membrorum
1600 4520 1737 4585 conditio

384 4629 426 4695 de
448 4628 497 4693 sui
518 4624 662 4710 principii
683 4624 800 4689 robore
822 4624 1012 4689 firmaretur.
1056 4623 1139 4701 Quia
1168 4626 1261 4706 igitur
1288 4625 1427 4706 grandes
1454 4627 1633 4708 apostolice
1655 4629 1737 4695 sedis

386 4741 518 4802 eventus
541 4736 573 4796 et
594 4751 707 4796 causas
730 4733 876 4813 ignorare
898 4736 929 4795 te
952 4750 1017 4795 non
1040 4733 1188 4796 convenit
1210 4737 1364 4814 tanquam
1385 4737 1605 4801 necessarium
1629 4739 1737 4804 mauis

386 4845 517 4911 ecclesie
544 4841 797 4913 munimentum3
827 4841 1043 4921 propterque
1070 4840 1257 4905 necessitate
1280 4846 1413 4921 urgente
1436 4847 1525 4907 tuam
1550 4849 1580 4909 et
1603 4847 1737 4912 aliorum

384 4953 532 5019 videmus
553 4946 746 5030 presentIam
770 4944 941 5026 plurimum
963 4950 1189 5027 opportunam,
1217 4947 1444 5011 lratomitatem
1473 4952 1563 5014 tuam
1587 4971 1737 5035 rogamus

387 5064 420 5124 et
440 5060 608 5123 hortamur
628 5053 789 5129 attentius,
811 5070 870 5134 per
891 5052 1066 5134 apostolica
1088 5053 1143 5116 tibi
1165 5056 1281 5136 scripta
1303 5056 1508 5137 precipiendo
1531 5061 1737 5139 mandantes,

387 5168 538 5250 quatinus
559 5179 661 5242 usque
684 5159 726 5223 ad
748 5160 929 5239 proximum
951 5158 1069 5222 festum
1090 5163 1327 5226 resurrectionis
1346 5162 1510 5228 Dominice
1531 5167 1575 5232 ad
1593 5173 1738 5235 nostram

386 5272 582 5358 precantium
597 5265 807 5353 personaliter
825 5267 933 5330 venire
948 5284 1110 5348 procures,
1130 5267 1217 5331 omni
1234 5269 1399 5333 occasione
1415 5278 1561 5337 cessante
1577 5277 1740 5344 mandatis
