<?xml version="1.0" encoding="UTF-8"?>
<!DOCTYPE html PUBLIC "-//W3C//DTD XHTML 1.0 Transitional//EN"
    "http://www.w3.org/TR/xhtml1/DTD/xhtml1-transitional.dtd">
<html xmlns="http://www.w3.org/1999/xhtml" xml:lang="en" lang="en">
 <head>
  <title>
</title>
<meta http-equiv="Content-Type" content="text/html;charset=utf-8" />
  <meta name='ocr-system' content='tesseract 3.04.00' />
  <meta name='ocr-capabilities' content='ocr_page ocr_carea ocr_par ocr_line ocrx_word'/>
</head>
<body>
  <div class='ocr_page' id='page_1' title='image "./osnabrckerurkun00brgoog/osnabrckerurkun00brgoog_0079.png"; bbox 0 0 4250 6109; ppageno 0'>
   <div class='ocr_carea' id='block_1_1' title="bbox 442 701 1144 768">
    <p class='ocr_par' dir='ltr' id='par_1_1' title="bbox 442 701 1144 768">
     <span class='ocr_line' id='line_1_1' title="bbox 442 701 1144 768; baseline 0.006 -4"><span class='ocrx_word' id='word_1_1' title='bbox 442 701 483 764; x_wconf 56' lang='grc' dir='ltr'><strong>Μ</strong></span> <span class='ocrx_word' id='word_1_2' title='bbox 1078 713 1144 768; x_wconf 65' lang='lat' dir='ltr'>lm</span> 
     </span>
    </p>
   </div>
   <div class='ocr_carea' id='block_1_2' title="bbox 441 877 1790 2682">
    <p class='ocr_par' dir='ltr' id='par_1_2' title="bbox 441 877 1790 2682">
     <span class='ocr_line' id='line_1_2' title="bbox 443 877 1786 960; baseline -0.002 -16"><span class='ocrx_word' id='word_1_3' title='bbox 443 880 608 957; x_wconf 80' lang='lat' dir='ltr'>damnosa,</span> <span class='ocrx_word' id='word_1_4' title='bbox 644 879 718 960; x_wconf 87' lang='lat' dir='ltr'>quia</span> <span class='ocrx_word' id='word_1_5' title='bbox 755 882 864 942; x_wconf 88' lang='lat' dir='ltr'>tamen</span> <span class='ocrx_word' id='word_1_6' title='bbox 899 895 964 940; x_wconf 89' lang='lat' dir='ltr'>non</span> <span class='ocrx_word' id='word_1_7' title='bbox 1002 880 1049 941; x_wconf 86' lang='lat' dir='ltr'>est</span> <span class='ocrx_word' id='word_1_8' title='bbox 1085 877 1169 941; x_wconf 91' lang='lat' dir='ltr'>male</span> <span class='ocrx_word' id='word_1_9' title='bbox 1202 878 1398 960; x_wconf 89' lang='lat' dir='ltr'>opinandum</span> <span class='ocrx_word' id='word_1_10' title='bbox 1431 880 1472 943; x_wconf 91' lang='lat' dir='ltr'>de</span> <span class='ocrx_word' id='word_1_11' title='bbox 1504 878 1688 944; x_wconf 90' lang='lat' dir='ltr'>hominibus</span> <span class='ocrx_word' id='word_1_12' title='bbox 1719 881 1786 941; x_wconf 87' lang='lat' dir='ltr'>tam</span> 
     </span>
     <span class='ocr_line' id='line_1_3' title="bbox 442 985 1786 1069; baseline -0.001 -18"><span class='ocrx_word' id='word_1_13' title='bbox 442 986 583 1051; x_wconf 89' lang='lat' dir='ltr'>discretis</span> <span class='ocrx_word' id='word_1_14' title='bbox 598 987 744 1052; x_wconf 89' lang='lat' dir='ltr'>nolentes</span> <span class='ocrx_word' id='word_1_15' title='bbox 767 986 985 1051; x_wconf 84' lang='lat' dir='ltr'>confusionem</span> <span class='ocrx_word' id='word_1_16' title='bbox 1008 985 1157 1050; x_wconf 86' lang='lat' dir='ltr'>inducere</span> <span class='ocrx_word' id='word_1_17' title='bbox 1179 1005 1276 1069; x_wconf 89' lang='lat' dir='ltr'>super</span> <span class='ocrx_word' id='word_1_18' title='bbox 1297 987 1383 1069; x_wconf 91' lang='lat' dir='ltr'>ipsos</span> <span class='ocrx_word' id='word_1_19' title='bbox 1405 987 1599 1053; x_wconf 76' lang='lat' dir='ltr'>sustinemus</span> <span class='ocrx_word' id='word_1_20' title='bbox 1612 991 1786 1069; x_wconf 89' lang='lat' dir='ltr'>utcunque,</span> 
     </span>
     <span class='ocr_line' id='line_1_4' title="bbox 442 1093 1787 1177; baseline 0.001 -20"><span class='ocrx_word' id='word_1_21' title='bbox 442 1097 477 1158; x_wconf 88' lang='lat' dir='ltr'>ut</span> <span class='ocrx_word' id='word_1_22' title='bbox 504 1095 597 1159; x_wconf 92' lang='lat' dir='ltr'>datus</span> <span class='ocrx_word' id='word_1_23' title='bbox 627 1095 668 1158; x_wconf 91' lang='lat' dir='ltr'>ab</span> <span class='ocrx_word' id='word_1_24' title='bbox 701 1094 776 1176; x_wconf 92' lang='lat' dir='ltr'>ipsis</span> <span class='ocrx_word' id='word_1_25' title='bbox 807 1094 960 1159; x_wconf 91' lang='lat' dir='ltr'>terminus</span> <span class='ocrx_word' id='word_1_26' title='bbox 991 1097 1183 1176; x_wconf 80' lang='lat' dir='ltr'>expectetur.</span> <span class='ocrx_word' id='word_1_27' title='bbox 1228 1093 1345 1160; x_wconf 89' lang='lat' dir='ltr'>Verum</span> <span class='ocrx_word' id='word_1_28' title='bbox 1378 1097 1451 1177; x_wconf 92' lang='lat' dir='ltr'>quia</span> <span class='ocrx_word' id='word_1_29' title='bbox 1482 1115 1547 1161; x_wconf 89' lang='lat' dir='ltr'>non</span> <span class='ocrx_word' id='word_1_30' title='bbox 1578 1098 1628 1160; x_wconf 85' lang='lat' dir='ltr'>est</span> <span class='ocrx_word' id='word_1_31' title='bbox 1658 1098 1787 1159; x_wconf 87' lang='lat' dir='ltr'>nostrae</span> 
     </span>
     <span class='ocr_line' id='line_1_5' title="bbox 441 1201 1787 1286; baseline 0.001 -20"><span class='ocrx_word' id='word_1_32' title='bbox 441 1201 634 1280; x_wconf 88' lang='lat' dir='ltr'>intentionis,</span> <span class='ocrx_word' id='word_1_33' title='bbox 656 1205 692 1266; x_wconf 89' lang='lat' dir='ltr'>ut</span> <span class='ocrx_word' id='word_1_34' title='bbox 707 1204 809 1268; x_wconf 91' lang='lat' dir='ltr'>dictus</span> <span class='ocrx_word' id='word_1_35' title='bbox 827 1201 1032 1286; x_wconf 83' lang='lat' dir='ltr'>F(ridericus)</span> <span class='ocrx_word' id='word_1_36' title='bbox 1049 1203 1229 1268; x_wconf 75' lang='lat' dir='ltr'>instituatur</span> <span class='ocrx_word' id='word_1_37' title='bbox 1250 1203 1379 1281; x_wconf 84' lang='lat' dir='ltr'>ibidem,</span> <span class='ocrx_word' id='word_1_38' title='bbox 1402 1204 1478 1286; x_wconf 89' lang='lat' dir='ltr'>quin</span> <span class='ocrx_word' id='word_1_39' title='bbox 1500 1205 1606 1286; x_wconf 92' lang='lat' dir='ltr'>potius</span> <span class='ocrx_word' id='word_1_40' title='bbox 1628 1203 1787 1280; x_wconf 88' lang='lat' dir='ltr'>volumus,</span> 
     </span>
     <span class='ocr_line' id='line_1_6' title="bbox 441 1309 1787 1393; baseline 0 -18"><span class='ocrx_word' id='word_1_41' title='bbox 441 1314 476 1375; x_wconf 93' lang='lat' dir='ltr'>ut</span> <span class='ocrx_word' id='word_1_42' title='bbox 487 1310 556 1393; x_wconf 93' lang='lat' dir='ltr'>ipse</span> <span class='ocrx_word' id='word_1_43' title='bbox 567 1314 599 1375; x_wconf 89' lang='lat' dir='ltr'>et</span> <span class='ocrx_word' id='word_1_44' title='bbox 610 1311 836 1393; x_wconf 82' lang='lat' dir='ltr'>consanguinei</span> <span class='ocrx_word' id='word_1_45' title='bbox 853 1309 900 1373; x_wconf 87' lang='lat' dir='ltr'>sui</span> <span class='ocrx_word' id='word_1_46' title='bbox 912 1310 938 1373; x_wconf 92' lang='lat' dir='ltr'>si</span> <span class='ocrx_word' id='word_1_47' title='bbox 950 1311 993 1374; x_wconf 92' lang='lat' dir='ltr'>ita</span> <span class='ocrx_word' id='word_1_48' title='bbox 1010 1311 1151 1375; x_wconf 84' lang='lat' dir='ltr'>futurum</span> <span class='ocrx_word' id='word_1_49' title='bbox 1167 1314 1224 1390; x_wconf 90' lang='lat' dir='ltr'>est,</span> <span class='ocrx_word' id='word_1_50' title='bbox 1240 1311 1405 1376; x_wconf 89' lang='lat' dir='ltr'>ecclesiam</span> <span class='ocrx_word' id='word_1_51' title='bbox 1423 1313 1590 1377; x_wconf 85' lang='lat' dir='ltr'>destruant</span> <span class='ocrx_word' id='word_1_52' title='bbox 1605 1311 1787 1389; x_wconf 80' lang='lat' dir='ltr'>manifeste,</span> 
     </span>
     <span class='ocr_line' id='line_1_7' title="bbox 442 1417 1788 1504; baseline -0.002 -19"><span class='ocrx_word' id='word_1_53' title='bbox 442 1439 540 1504; x_wconf 92' lang='lat' dir='ltr'>quam</span> <span class='ocrx_word' id='word_1_54' title='bbox 570 1420 656 1503; x_wconf 91' lang='lat' dir='ltr'>quod</span> <span class='ocrx_word' id='word_1_55' title='bbox 686 1419 833 1484; x_wconf 90' lang='lat' dir='ltr'>umbram</span> <span class='ocrx_word' id='word_1_56' title='bbox 864 1418 1007 1483; x_wconf 80' lang='lat' dir='ltr'>habeant</span> <span class='ocrx_word' id='word_1_57' title='bbox 1038 1417 1267 1502; x_wconf 91' lang='lat' dir='ltr'>qualiscunque</span> <span class='ocrx_word' id='word_1_58' title='bbox 1298 1423 1399 1485; x_wconf 86' lang='lat' dir='ltr'>nostri</span> <span class='ocrx_word' id='word_1_59' title='bbox 1425 1440 1575 1486; x_wconf 85' lang='lat' dir='ltr'>assensus</span> <span class='ocrx_word' id='word_1_60' title='bbox 1604 1420 1788 1504; x_wconf 82' lang='lat' dir='ltr'>paternitati</span> 
     </span>
     <span class='ocr_line' id='line_1_8' title="bbox 441 1527 1788 1612; baseline -0.001 -20"><span class='ocrx_word' id='word_1_61' title='bbox 441 1532 566 1595; x_wconf 86' lang='lat' dir='ltr'>vestrae</span> <span class='ocrx_word' id='word_1_62' title='bbox 587 1529 677 1593; x_wconf 80' lang='lat' dir='ltr'>flexis</span> <span class='ocrx_word' id='word_1_63' title='bbox 699 1528 832 1611; x_wconf 87' lang='lat' dir='ltr'>genibus</span> <span class='ocrx_word' id='word_1_64' title='bbox 853 1527 1078 1610; x_wconf 88' lang='lat' dir='ltr'>supplicamus,</span> <span class='ocrx_word' id='word_1_65' title='bbox 1111 1531 1268 1610; x_wconf 90' lang='lat' dir='ltr'>quatenus</span> <span class='ocrx_word' id='word_1_66' title='bbox 1298 1527 1405 1612; x_wconf 91' lang='lat' dir='ltr'>elapso</span> <span class='ocrx_word' id='word_1_67' title='bbox 1434 1531 1568 1594; x_wconf 89' lang='lat' dir='ltr'>termino</span> <span class='ocrx_word' id='word_1_68' title='bbox 1596 1530 1788 1606; x_wconf 87' lang='lat' dir='ltr'>memorate,</span> 
     </span>
     <span class='ocr_line' id='line_1_9' title="bbox 442 1636 1788 1719; baseline -0.001 -18"><span class='ocrx_word' id='word_1_69' title='bbox 442 1637 468 1701; x_wconf 93' lang='lat' dir='ltr'>si</span> <span class='ocrx_word' id='word_1_70' title='bbox 490 1656 509 1701; x_wconf 97' lang='lat' dir='ltr'>a</span> <span class='ocrx_word' id='word_1_71' title='bbox 531 1636 678 1702; x_wconf 86' lang='lat' dir='ltr'>iratribus</span> <span class='ocrx_word' id='word_1_72' title='bbox 706 1637 766 1702; x_wconf 91' lang='lat' dir='ltr'>loci</span> <span class='ocrx_word' id='word_1_73' title='bbox 796 1637 915 1701; x_wconf 84' lang='lat' dir='ltr'>fueritis</span> <span class='ocrx_word' id='word_1_74' title='bbox 945 1636 1096 1719; x_wconf 83' lang='lat' dir='ltr'>requisiti,</span> <span class='ocrx_word' id='word_1_75' title='bbox 1127 1636 1240 1702; x_wconf 90' lang='lat' dir='ltr'>dilecto</span> <span class='ocrx_word' id='word_1_76' title='bbox 1269 1637 1301 1701; x_wconf 91' lang='lat' dir='ltr'>in</span> <span class='ocrx_word' id='word_1_77' title='bbox 1330 1637 1456 1702; x_wconf 88' lang='lat' dir='ltr'>Christo</span> <span class='ocrx_word' id='word_1_78' title='bbox 1483 1637 1571 1702; x_wconf 86' lang='lat' dir='ltr'>fratri</span> <span class='ocrx_word' id='word_1_79' title='bbox 1602 1636 1788 1719; x_wconf 87' lang='lat' dir='ltr'>praeposito</span> 
     </span>
     <span class='ocr_line' id='line_1_10' title="bbox 442 1744 1788 1828; baseline -0.001 -20"><span class='ocrx_word' id='word_1_80' title='bbox 442 1744 694 1827; x_wconf 81' lang='lat' dir='ltr'>Arnesbergensi</span> <span class='ocrx_word' id='word_1_81' title='bbox 711 1764 858 1810; x_wconf 92' lang='lat' dir='ltr'>securum</span> <span class='ocrx_word' id='word_1_82' title='bbox 874 1745 955 1809; x_wconf 91' lang='lat' dir='ltr'>detis</span> <span class='ocrx_word' id='word_1_83' title='bbox 970 1745 1173 1823; x_wconf 89' lang='lat' dir='ltr'>conductum,</span> <span class='ocrx_word' id='word_1_84' title='bbox 1194 1764 1257 1827; x_wconf 92' lang='lat' dir='ltr'>quo</span> <span class='ocrx_word' id='word_1_85' title='bbox 1275 1746 1428 1810; x_wconf 84' lang='lat' dir='ltr'>accedere</span> <span class='ocrx_word' id='word_1_86' title='bbox 1445 1747 1543 1828; x_wconf 91' lang='lat' dir='ltr'>possit</span> <span class='ocrx_word' id='word_1_87' title='bbox 1559 1745 1601 1811; x_wconf 91' lang='lat' dir='ltr'>ad</span> <span class='ocrx_word' id='word_1_88' title='bbox 1620 1744 1788 1810; x_wconf 91' lang='lat' dir='ltr'>ecclesiam</span> 
     </span>
     <span class='ocr_line' id='line_1_11' title="bbox 443 1852 1788 1936; baseline -0.002 -17"><span class='ocrx_word' id='word_1_89' title='bbox 443 1853 679 1919; x_wconf 86' lang='lat' dir='ltr'>Claholtensem</span> <span class='ocrx_word' id='word_1_90' title='bbox 702 1858 732 1919; x_wconf 91' lang='lat' dir='ltr'>et</span> <span class='ocrx_word' id='word_1_91' title='bbox 755 1852 940 1917; x_wconf 85' lang='lat' dir='ltr'>electionem</span> <span class='ocrx_word' id='word_1_92' title='bbox 962 1871 1074 1934; x_wconf 92' lang='lat' dir='ltr'>regere</span> <span class='ocrx_word' id='word_1_93' title='bbox 1097 1853 1320 1918; x_wconf 90' lang='lat' dir='ltr'>celebrandam</span> <span class='ocrx_word' id='word_1_94' title='bbox 1342 1854 1520 1918; x_wconf 90' lang='lat' dir='ltr'>secundum</span> <span class='ocrx_word' id='word_1_95' title='bbox 1544 1854 1630 1936; x_wconf 91' lang='lat' dir='ltr'>quod</span> <span class='ocrx_word' id='word_1_96' title='bbox 1652 1854 1680 1917; x_wconf 93' lang='lat' dir='ltr'>ei</span> <span class='ocrx_word' id='word_1_97' title='bbox 1697 1871 1788 1917; x_wconf 90' lang='lat' dir='ltr'>com·</span> 
     </span>
     <span class='ocr_line' id='line_1_12' title="bbox 443 1958 1790 2044; baseline -0.003 -17"><span class='ocrx_word' id='word_1_98' title='bbox 443 1963 595 2042; x_wconf 84' lang='lat' dir='ltr'>misimus,</span> <span class='ocrx_word' id='word_1_99' title='bbox 629 1964 655 2027; x_wconf 90' lang='lat' dir='ltr'>si</span> <span class='ocrx_word' id='word_1_100' title='bbox 690 1962 837 2026; x_wconf 89' lang='lat' dir='ltr'>dominus</span> <span class='ocrx_word' id='word_1_101' title='bbox 868 1961 1123 2043; x_wconf 87' lang='lat' dir='ltr'>Osnaburgensis</span> <span class='ocrx_word' id='word_1_102' title='bbox 1157 1963 1335 2044; x_wconf 92' lang='lat' dir='ltr'>episeopus,</span> <span class='ocrx_word' id='word_1_103' title='bbox 1369 1963 1545 2027; x_wconf 89' lang='lat' dir='ltr'>secundum</span> <span class='ocrx_word' id='word_1_104' title='bbox 1577 1961 1664 2044; x_wconf 90' lang='lat' dir='ltr'>quod</span> <span class='ocrx_word' id='word_1_105' title='bbox 1694 1958 1790 2025; x_wconf 91' lang='lat' dir='ltr'>nobis</span> 
     </span>
     <span class='ocr_line' id='line_1_13' title="bbox 443 2067 1789 2155; baseline -0.004 -17"><span class='ocrx_word' id='word_1_106' title='bbox 443 2073 565 2139; x_wconf 89' lang='lat' dir='ltr'>dudum</span> <span class='ocrx_word' id='word_1_107' title='bbox 591 2073 733 2155; x_wconf 92' lang='lat' dir='ltr'>promisit</span> <span class='ocrx_word' id='word_1_108' title='bbox 761 2073 833 2135; x_wconf 82' lang='lat' dir='ltr'>viva</span> <span class='ocrx_word' id='word_1_109' title='bbox 854 2090 942 2148; x_wconf 89' lang='lat' dir='ltr'>voce,</span> <span class='ocrx_word' id='word_1_110' title='bbox 972 2069 1108 2135; x_wconf 91' lang='lat' dir='ltr'>noluerit</span> <span class='ocrx_word' id='word_1_111' title='bbox 1137 2071 1299 2135; x_wconf 89' lang='lat' dir='ltr'>interesse.</span> <span class='ocrx_word' id='word_1_112' title='bbox 1343 2070 1468 2136; x_wconf 90' lang='lat' dir='ltr'>Scimus</span> <span class='ocrx_word' id='word_1_113' title='bbox 1497 2070 1664 2152; x_wconf 89' lang='lat' dir='ltr'>siquidem,</span> <span class='ocrx_word' id='word_1_114' title='bbox 1699 2067 1789 2152; x_wconf 91' lang='lat' dir='ltr'>quod</span> 
     </span>
     <span class='ocr_line' id='line_1_14' title="bbox 442 2178 1789 2266; baseline -0.004 -18"><span class='ocrx_word' id='word_1_115' title='bbox 442 2202 539 2266; x_wconf 89' lang='lat' dir='ltr'>super</span> <span class='ocrx_word' id='word_1_116' title='bbox 565 2183 627 2248; x_wconf 94' lang='lat' dir='ltr'>hoc</span> <span class='ocrx_word' id='word_1_117' title='bbox 656 2181 801 2247; x_wconf 81' lang='lat' dir='ltr'>faciendo</span> <span class='ocrx_word' id='word_1_118' title='bbox 831 2178 977 2245; x_wconf 89' lang='lat' dir='ltr'>habeatis</span> <span class='ocrx_word' id='word_1_119' title='bbox 1010 2199 1069 2262; x_wconf 93' lang='lat' dir='ltr'>per</span> <span class='ocrx_word' id='word_1_120' title='bbox 1095 2181 1230 2262; x_wconf 80' lang='lat' dir='ltr'>gratiam</span> <span class='ocrx_word' id='word_1_121' title='bbox 1253 2180 1309 2245; x_wconf 89' lang='lat' dir='ltr'>Dei</span> <span class='ocrx_word' id='word_1_122' title='bbox 1341 2180 1517 2263; x_wconf 89' lang='lat' dir='ltr'>plenariam</span> <span class='ocrx_word' id='word_1_123' title='bbox 1539 2183 1732 2262; x_wconf 87' lang='lat' dir='ltr'>potestatem</span> <span class='ocrx_word' id='word_1_124' title='bbox 1757 2181 1789 2243; x_wconf 91' lang='lat' dir='ltr'>et</span> 
     </span>
     <span class='ocr_line' id='line_1_15' title="bbox 442 2287 1788 2374; baseline -0.004 -17"><span class='ocrx_word' id='word_1_125' title='bbox 442 2291 609 2370; x_wconf 90' lang='lat' dir='ltr'>credimus,</span> <span class='ocrx_word' id='word_1_126' title='bbox 637 2291 724 2374; x_wconf 92' lang='lat' dir='ltr'>quod</span> <span class='ocrx_word' id='word_1_127' title='bbox 754 2289 939 2372; x_wconf 87' lang='lat' dir='ltr'>supplicatio</span> <span class='ocrx_word' id='word_1_128' title='bbox 971 2292 1080 2353; x_wconf 86' lang='lat' dir='ltr'>nostra</span> <span class='ocrx_word' id='word_1_129' title='bbox 1109 2289 1197 2371; x_wconf 88' lang='lat' dir='ltr'>apud</span> <span class='ocrx_word' id='word_1_130' title='bbox 1223 2308 1279 2354; x_wconf 88' lang='lat' dir='ltr'>vos</span> <span class='ocrx_word' id='word_1_131' title='bbox 1301 2293 1492 2372; x_wconf 90' lang='lat' dir='ltr'>assequatur</span> <span class='ocrx_word' id='word_1_132' title='bbox 1514 2288 1662 2353; x_wconf 80' lang='lat' dir='ltr'>effectum</span> <span class='ocrx_word' id='word_1_133' title='bbox 1685 2291 1717 2351; x_wconf 88' lang='lat' dir='ltr'>et</span> <span class='ocrx_word' id='word_1_134' title='bbox 1737 2287 1788 2352; x_wconf 91' lang='lat' dir='ltr'>in-</span> 
     </span>
     <span class='ocr_line' id='line_1_16' title="bbox 442 2398 1787 2483; baseline -0.004 -19"><span class='ocrx_word' id='word_1_135' title='bbox 442 2401 523 2464; x_wconf 93' lang='lat' dir='ltr'>tuitu</span> <span class='ocrx_word' id='word_1_136' title='bbox 550 2400 617 2479; x_wconf 92' lang='lat' dir='ltr'>Dei,</span> <span class='ocrx_word' id='word_1_137' title='bbox 649 2401 702 2483; x_wconf 91' lang='lat' dir='ltr'>qui</span> <span class='ocrx_word' id='word_1_138' title='bbox 731 2403 779 2463; x_wconf 90' lang='lat' dir='ltr'>cst</span> <span class='ocrx_word' id='word_1_139' title='bbox 810 2398 953 2464; x_wconf 91' lang='lat' dir='ltr'>omnium</span> <span class='ocrx_word' id='word_1_140' title='bbox 980 2398 1140 2462; x_wconf 90' lang='lat' dir='ltr'>honorum</span> <span class='ocrx_word' id='word_1_141' title='bbox 1166 2398 1340 2463; x_wconf 87' lang='lat' dir='ltr'>retributor</span> <span class='ocrx_word' id='word_1_142' title='bbox 1369 2403 1401 2463; x_wconf 90' lang='lat' dir='ltr'>et</span> <span class='ocrx_word' id='word_1_143' title='bbox 1429 2401 1576 2481; x_wconf 90' lang='lat' dir='ltr'>respectu</span> <span class='ocrx_word' id='word_1_144' title='bbox 1605 2398 1787 2462; x_wconf 90' lang='lat' dir='ltr'>orationum</span> 
     </span>
     <span class='ocr_line' id='line_1_17' title="bbox 442 2504 1786 2592; baseline -0.004 -19"><span class='ocrx_word' id='word_1_145' title='bbox 442 2509 539 2592; x_wconf 90' lang='lat' dir='ltr'>ipsius</span> <span class='ocrx_word' id='word_1_146' title='bbox 554 2508 702 2574; x_wconf 91' lang='lat' dir='ltr'>ecclesiae</span> <span class='ocrx_word' id='word_1_147' title='bbox 718 2512 751 2573; x_wconf 92' lang='lat' dir='ltr'>et</span> <span class='ocrx_word' id='word_1_148' title='bbox 764 2508 860 2573; x_wconf 89' lang='lat' dir='ltr'>totius</span> <span class='ocrx_word' id='word_1_149' title='bbox 878 2507 996 2572; x_wconf 89' lang='lat' dir='ltr'>ordinis</span> <span class='ocrx_word' id='word_1_150' title='bbox 1007 2505 1342 2584; x_wconf 88' lang='lat' dir='ltr'>Praemonstratensis,</span> <span class='ocrx_word' id='word_1_151' title='bbox 1360 2526 1496 2590; x_wconf 85' lang='lat' dir='ltr'>quarum</span> <span class='ocrx_word' id='word_1_152' title='bbox 1510 2504 1786 2589; x_wconf 83' lang='lat' dir='ltr'>participationem</span> 
     </span>
     <span class='ocr_line' id='line_1_18' title="bbox 442 2616 1244 2682; baseline 0.001 -1"><span class='ocrx_word' id='word_1_153' title='bbox 442 2618 558 2682; x_wconf 88' lang='lat' dir='ltr'>devota</span> <span class='ocrx_word' id='word_1_154' title='bbox 579 2617 668 2681; x_wconf 88' lang='lat' dir='ltr'>vobis</span> <span class='ocrx_word' id='word_1_155' title='bbox 690 2617 894 2682; x_wconf 86' lang='lat' dir='ltr'>concedimus</span> <span class='ocrx_word' id='word_1_156' title='bbox 917 2617 1080 2682; x_wconf 87' lang='lat' dir='ltr'>charitate.</span> <span class='ocrx_word' id='word_1_157' title='bbox 1124 2616 1244 2682; x_wconf 88' lang='lat' dir='ltr'>Valete.</span> 
     </span>
    </p>
   </div>
   <div class='ocr_carea' id='block_1_3' title="bbox 443 2779 1786 2940">
    <p class='ocr_par' dir='ltr' id='par_1_3' title="bbox 443 2779 1786 2940">
     <span class='ocr_line' id='line_1_19' title="bbox 549 2779 1786 2852; baseline -0.002 -16"><span class='ocrx_word' id='word_1_158' title='bbox 549 2784 569 2850; x_wconf 89' lang='lat'>¹)</span> <span class='ocrx_word' id='word_1_159' title='bbox 588 2781 647 2852; x_wconf 65' lang='lat' dir='ltr'>gog</span> <span class='ocrx_word' id='word_1_160' title='bbox 667 2784 702 2836; x_wconf 87' lang='lat' dir='ltr'>im</span> <span class='ocrx_word' id='word_1_161' title='bbox 721 2781 827 2851; x_wconf 63' lang='lat' dir='ltr'>berbin</span> <span class='ocrx_word' id='word_1_162' title='bbox 848 2782 914 2835; x_wconf 76' lang='lat'>1217</span> <span class='ocrx_word' id='word_1_163' title='bbox 940 2782 986 2835; x_wconf 73' lang='lat' dir='ltr'>irre</span> <span class='ocrx_word' id='word_1_164' title='bbox 1011 2780 1104 2849; x_wconf 68' lang='lat' dir='ltr'>[reitiqc</span> <span class='ocrx_word' id='word_1_165' title='bbox 1123 2779 1196 2837; x_wconf 64' lang='lat' dir='ltr'>baut</span> <span class='ocrx_word' id='word_1_166' title='bbox 1222 2780 1276 2836; x_wconf 80' lang='lat' dir='ltr'>urrt</span> <span class='ocrx_word' id='word_1_167' title='bbox 1302 2781 1370 2850; x_wconf 78' lang='lat' dir='ltr'>itcrb</span> <span class='ocrx_word' id='word_1_168' title='bbox 1389 2795 1422 2851; x_wconf 68' lang='lat' dir='ltr'>gu</span> <span class='ocrx_word' id='word_1_169' title='bbox 1442 2781 1572 2850; x_wconf 77' lang='lat' dir='ltr'>(taetmm</span> <span class='ocrx_word' id='word_1_170' title='bbox 1591 2794 1635 2836; x_wconf 87' lang='lat' dir='ltr'>um</span> <span class='ocrx_word' id='word_1_171' title='bbox 1658 2783 1683 2833; x_wconf 84' lang='grc'>8.</span> <span class='ocrx_word' id='word_1_172' title='bbox 1703 2779 1786 2848; x_wconf 58' lang='lat' dir='ltr'>illita</span> 
     </span>
     <span class='ocr_line' id='line_1_20' title="bbox 443 2867 1737 2940; baseline -0.003 -17"><span class='ocrx_word' id='word_1_173' title='bbox 443 2871 519 2924; x_wconf 80' lang='lat'>1218.</span> <span class='ocrx_word' id='word_1_174' title='bbox 556 2868 706 2935; x_wconf 67' lang='lat' dir='ltr'>titillarunt,</span> <span class='ocrx_word' id='word_1_175' title='bbox 724 2868 767 2926; x_wconf 72' lang='lat' dir='ltr'>ib.</span> <span class='ocrx_word' id='word_1_176' title='bbox 787 2868 868 2925; x_wconf 57' lang='lat' dir='ltr'>llrtl.</span> <span class='ocrx_word' id='word_1_177' title='bbox 888 2870 938 2935; x_wconf 85' lang='lat'>111,</span> <span class='ocrx_word' id='word_1_178' title='bbox 957 2868 1006 2924; x_wconf 73' lang='lat' dir='ltr'>lto.</span> <span class='ocrx_word' id='word_1_179' title='bbox 1026 2870 1078 2924; x_wconf 77' lang='lat'>722</span> <span class='ocrx_word' id='word_1_180' title='bbox 1098 2883 1123 2923; x_wconf 92' lang='lat' dir='ltr'>u.</span> <span class='ocrx_word' id='word_1_181' title='bbox 1142 2872 1202 2924; x_wconf 74' lang='lat'>808.</span> <span class='ocrx_word' id='word_1_182' title='bbox 1223 2901 1255 2908; x_wconf 92' lang='lat'>-</span> <span class='ocrx_word' id='word_1_183' title='bbox 1276 2871 1297 2936; x_wconf 75' lang='lat'>²)</span> <span class='ocrx_word' id='word_1_184' title='bbox 1317 2869 1359 2940; x_wconf 70' lang='lat' dir='ltr'>fiel</span> <span class='ocrx_word' id='word_1_185' title='bbox 1382 2870 1448 2922; x_wconf 75' lang='lat'>1217</span> <span class='ocrx_word' id='word_1_186' title='bbox 1468 2867 1515 2938; x_wconf 78' lang='lat' dir='ltr'>cut</span> <span class='ocrx_word' id='word_1_187' title='bbox 1535 2867 1582 2923; x_wconf 83' lang='lat' dir='ltr'>teu</span> <span class='ocrx_word' id='word_1_188' title='bbox 1601 2868 1626 2922; x_wconf 82' lang='lat'>3.</span> <span class='ocrx_word' id='word_1_189' title='bbox 1647 2867 1737 2937; x_wconf 64' lang='lat' dir='ltr'>liturg.</span> 
     </span>
    </p>
   </div>
   <div class='ocr_carea' id='block_1_4' title="bbox 442 3211 1009 3297">
    <p class='ocr_par' dir='ltr' id='par_1_4' title="bbox 442 3211 1009 3297">
     <span class='ocr_line' id='line_1_21' title="bbox 442 3211 1009 3297; baseline 0.009 -19"><span class='ocrx_word' id='word_1_190' title='bbox 442 3211 497 3279; x_wconf 83' lang='grc'>86.</span> <span class='ocrx_word' id='word_1_191' title='bbox 522 3248 559 3259; x_wconf 94' lang='grc'>-</span> <span class='ocrx_word' id='word_1_192' title='bbox 583 3211 702 3297; x_wconf 68' lang='lat' dir='ltr'>hiatu.</span> <span class='ocrx_word' id='word_1_193' title='bbox 726 3211 819 3292; x_wconf 80' lang='lat'>1217,</span> <span class='ocrx_word' id='word_1_194' title='bbox 842 3211 935 3296; x_wconf 68' lang='lat' dir='ltr'>uror</span> <span class='ocrx_word' id='word_1_195' title='bbox 957 3215 1009 3283; x_wconf 74' lang='lat'>20.</span> 
     </span>
    </p>
   </div>
   <div class='ocr_carea' id='block_1_5' title="bbox 609 3340 1789 3539">
    <p class='ocr_par' dir='ltr' id='par_1_5' title="bbox 609 3340 1789 3539">
     <span class='ocr_line' id='line_1_22' title="bbox 609 3340 1787 3430; baseline -0.006 -16"><span class='ocrx_word' id='word_1_196' title='bbox 609 3345 726 3430; x_wconf 70' lang='lat' dir='ltr'>tlitchoi</span> <span class='ocrx_word' id='word_1_197' title='bbox 742 3347 834 3430; x_wconf 75' lang='lat' dir='ltr'>ilbolt</span> <span class='ocrx_word' id='word_1_198' title='bbox 855 3345 1003 3425; x_wconf 83' lang='lat' dir='ltr'>betuubet,</span> <span class='ocrx_word' id='word_1_199' title='bbox 1025 3343 1082 3424; x_wconf 75' lang='lat' dir='ltr'>bair</span> <span class='ocrx_word' id='word_1_200' title='bbox 1104 3344 1169 3410; x_wconf 81' lang='lat' dir='ltr'>tero</span> <span class='ocrx_word' id='word_1_201' title='bbox 1190 3342 1391 3422; x_wconf 79' lang='lat' dir='ltr'>oetltocbeueu</span> <span class='ocrx_word' id='word_1_202' title='bbox 1409 3343 1510 3410; x_wconf 76' lang='lat' dir='ltr'>iliitteo</span> <span class='ocrx_word' id='word_1_203' title='bbox 1525 3342 1590 3408; x_wconf 78' lang='lat' dir='ltr'>uon</span> <span class='ocrx_word' id='word_1_204' title='bbox 1607 3360 1667 3409; x_wconf 87' lang='lat' dir='ltr'>oon</span> <span class='ocrx_word' id='word_1_205' title='bbox 1685 3340 1787 3424; x_wconf 68' lang='lat' dir='ltr'>lioba:</span> 
     </span>
     <span class='ocr_line' id='line_1_23' title="bbox 611 3450 1789 3539; baseline -0.004 -17"><span class='ocrx_word' id='word_1_206' title='bbox 611 3454 698 3539; x_wconf 78' lang='lat' dir='ltr'>horit,</span> <span class='ocrx_word' id='word_1_207' title='bbox 720 3455 837 3539; x_wconf 72' lang='lat' dir='ltr'>octuber</span> <span class='ocrx_word' id='word_1_208' title='bbox 859 3457 923 3523; x_wconf 80' lang='lat' dir='ltr'>beor</span> <span class='ocrx_word' id='word_1_209' title='bbox 945 3453 1058 3531; x_wconf 73' lang='lat' dir='ltr'>titotter</span> <span class='ocrx_word' id='word_1_210' title='bbox 1081 3452 1183 3538; x_wconf 57' lang='lat' dir='ltr'>ilburg</span> <span class='ocrx_word' id='word_1_211' title='bbox 1204 3453 1225 3517; x_wconf 88' lang='lat'><strong>3</strong></span> <span class='ocrx_word' id='word_1_212' title='bbox 1248 3452 1523 3536; x_wconf 61' lang='lat' dir='ltr'>&amp;octingenteno</span> <span class='ocrx_word' id='word_1_213' title='bbox 1545 3452 1596 3535; x_wconf 76' lang='lat' dir='ltr'>itit</span> <span class='ocrx_word' id='word_1_214' title='bbox 1618 3452 1674 3518; x_wconf 75' lang='lat' dir='ltr'>bea</span> <span class='ocrx_word' id='word_1_215' title='bbox 1697 3450 1789 3518; x_wconf 55' lang='lat' dir='ltr'>beet:</span> 
     </span>
    </p>
   </div>
   <div class='ocr_carea' id='block_1_6' title="bbox 608 3558 1789 4084">
    <p class='ocr_par' dir='ltr' id='par_1_6' title="bbox 608 3558 1789 4084">
     <span class='ocr_line' id='line_1_24' title="bbox 608 3558 1788 3648; baseline -0.003 -18"><span class='ocrx_word' id='word_1_216' title='bbox 608 3563 774 3648; x_wconf 73' lang='lat' dir='ltr'>gebichtrrih</span> <span class='ocrx_word' id='word_1_217' title='bbox 804 3564 898 3645; x_wconf 75' lang='lat' dir='ltr'>lciuee</span> <span class='ocrx_word' id='word_1_218' title='bbox 925 3562 1037 3629; x_wconf 74' lang='lat' dir='ltr'>uetere</span> <span class='ocrx_word' id='word_1_219' title='bbox 1069 3560 1274 3645; x_wconf 76' lang='lat' dir='ltr'>ootentholten</span> <span class='ocrx_word' id='word_1_220' title='bbox 1305 3561 1394 3644; x_wconf 75' lang='lat' dir='ltr'>batte,</span> <span class='ocrx_word' id='word_1_221' title='bbox 1426 3561 1582 3645; x_wconf 68' lang='lat' dir='ltr'>tirhticbca</span> <span class='ocrx_word' id='word_1_222' title='bbox 1610 3558 1788 3644; x_wconf 68' lang='lat' dir='ltr'>tdegtiiboih</span> 
     </span>
     <span class='ocr_line' id='line_1_25' title="bbox 610 3669 1789 3757; baseline -0.003 -18"><span class='ocrx_word' id='word_1_223' title='bbox 610 3673 740 3757; x_wconf 79' lang='lat' dir='ltr'>qeoihrt</span> <span class='ocrx_word' id='word_1_224' title='bbox 770 3674 889 3741; x_wconf 79' lang='lat' dir='ltr'>metten</span> <span class='ocrx_word' id='word_1_225' title='bbox 919 3671 963 3752; x_wconf 80' lang='lat' dir='ltr'>tlt,</span> <span class='ocrx_word' id='word_1_226' title='bbox 993 3671 1127 3753; x_wconf 78' lang='lat' dir='ltr'>rechten</span> <span class='ocrx_word' id='word_1_227' title='bbox 1155 3669 1231 3752; x_wconf 80' lang='lat' dir='ltr'>leiue</span> <span class='ocrx_word' id='word_1_228' title='bbox 1254 3670 1454 3738; x_wconf 68' lang='lat' dir='ltr'>tterucutteo</span> <span class='ocrx_word' id='word_1_229' title='bbox 1482 3672 1543 3737; x_wconf 81' lang='lat' dir='ltr'>nub</span> <span class='ocrx_word' id='word_1_230' title='bbox 1565 3669 1642 3750; x_wconf 81' lang='lat' dir='ltr'>leiue</span> <span class='ocrx_word' id='word_1_231' title='bbox 1664 3669 1789 3736; x_wconf 74' lang='lat' dir='ltr'>tilittroe</span> 
     </span>
     <span class='ocr_line' id='line_1_26' title="bbox 610 3776 1789 3866; baseline -0.003 -19"><span class='ocrx_word' id='word_1_232' title='bbox 610 3782 664 3847; x_wconf 85' lang='lat' dir='ltr'>mit</span> <span class='ocrx_word' id='word_1_233' title='bbox 686 3781 793 3862; x_wconf 70' lang='lat' dir='ltr'>[ciuem</span> <span class='ocrx_word' id='word_1_234' title='bbox 816 3782 923 3866; x_wconf 60' lang='lat' dir='ltr'>&amp;ehoe</span> <span class='ocrx_word' id='word_1_235' title='bbox 953 3781 1017 3847; x_wconf 82' lang='lat' dir='ltr'>bero</span> <span class='ocrx_word' id='word_1_236' title='bbox 1039 3779 1154 3860; x_wconf 76' lang='lat' dir='ltr'>ittotter</span> <span class='ocrx_word' id='word_1_237' title='bbox 1183 3781 1246 3847; x_wconf 88' lang='lat' dir='ltr'>cine</span> <span class='ocrx_word' id='word_1_238' title='bbox 1268 3779 1363 3847; x_wconf 79' lang='lat' dir='ltr'>iterrte</span> <span class='ocrx_word' id='word_1_239' title='bbox 1394 3798 1452 3848; x_wconf 85' lang='lat' dir='ltr'>oon</span> <span class='ocrx_word' id='word_1_240' title='bbox 1482 3781 1502 3844; x_wconf 87' lang='lat'><strong>3</strong></span> <span class='ocrx_word' id='word_1_241' title='bbox 1526 3778 1710 3863; x_wconf 61' lang='lat' dir='ltr'>&amp;dilingen</span> <span class='ocrx_word' id='word_1_242' title='bbox 1732 3776 1789 3859; x_wconf 76' lang='lat' dir='ltr'>aut</span> 
     </span>
     <span class='ocr_line' id='line_1_27' title="bbox 609 3885 1788 3974; baseline -0.003 -20"><span class='ocrx_word' id='word_1_243' title='bbox 609 3888 664 3956; x_wconf 80' lang='lat' dir='ltr'>baa</span> <span class='ocrx_word' id='word_1_244' title='bbox 687 3890 867 3972; x_wconf 64' lang='lat' dir='ltr'>„borneti”</span> <span class='ocrx_word' id='word_1_245' title='bbox 897 3891 948 3957; x_wconf 79' lang='lat' dir='ltr'>tea</span> <span class='ocrx_word' id='word_1_246' title='bbox 971 3889 1117 3974; x_wconf 60' lang='lat' dir='ltr'>{tricarici</span> <span class='ocrx_word' id='word_1_247' title='bbox 1140 3907 1199 3956; x_wconf 86' lang='lat' dir='ltr'>ooo</span> <span class='ocrx_word' id='word_1_248' title='bbox 1222 3888 1397 3972; x_wconf 61' lang='lat' dir='ltr'>&amp;donchad</span> <span class='ocrx_word' id='word_1_249' title='bbox 1424 3885 1730 3974; x_wconf 58' lang='lat' dir='ltr'>(obluctaretur)</span> <span class='ocrx_word' id='word_1_250' title='bbox 1753 3886 1788 3952; x_wconf 84' lang='lat' dir='ltr'>in</span> 
     </span>
     <span class='ocr_line' id='line_1_28' title="bbox 609 3997 1125 4084; baseline 0 -19"><span class='ocrx_word' id='word_1_251' title='bbox 609 3997 777 4084; x_wconf 59' lang='lat' dir='ltr'>balbergen</span> <span class='ocrx_word' id='word_1_252' title='bbox 800 3998 992 4083; x_wconf 73' lang='lat' dir='ltr'>occideteum</span> <span class='ocrx_word' id='word_1_253' title='bbox 1014 4000 1125 4084; x_wconf 76' lang='lat' dir='ltr'>butten.</span> 
     </span>
    </p>
   </div>
   <div class='ocr_carea' id='block_1_7' title="bbox 707 4134 1070 4206">
    <p class='ocr_par' dir='ltr' id='par_1_7' title="bbox 707 4134 1070 4206">
     <span class='ocr_line' id='line_1_29' title="bbox 707 4134 1070 4206; baseline -0.008 -14"><span class='ocrx_word' id='word_1_254' title='bbox 707 4134 848 4204; x_wconf 63' lang='lat' dir='ltr'>erenum:</span> <span class='ocrx_word' id='word_1_255' title='bbox 869 4135 1070 4206; x_wconf 60' lang='lat' dir='ltr'>&amp;teutonicum</span> 
     </span>
    </p>
   </div>
   <div class='ocr_carea' id='block_1_8' title="bbox 440 4248 1787 5424">
    <p class='ocr_par' dir='ltr' id='par_1_8' title="bbox 440 4248 1787 5424">
     <span class='ocr_line' id='line_1_30' title="bbox 567 4248 1786 4336; baseline -0.001 -23"><span class='ocrx_word' id='word_1_256' title='bbox 567 4250 702 4317; x_wconf 85' lang='lat' dir='ltr'>Adolfus</span> <span class='ocrx_word' id='word_1_257' title='bbox 724 4252 782 4317; x_wconf 90' lang='lat' dir='ltr'>Dei</span> <span class='ocrx_word' id='word_1_258' title='bbox 803 4255 903 4334; x_wconf 88' lang='lat' dir='ltr'>gratia</span> <span class='ocrx_word' id='word_1_259' title='bbox 925 4254 1182 4336; x_wconf 81' lang='lat' dir='ltr'>Osnaburgensis</span> <span class='ocrx_word' id='word_1_260' title='bbox 1205 4252 1372 4335; x_wconf 89' lang='lat' dir='ltr'>episcopus</span> <span class='ocrx_word' id='word_1_261' title='bbox 1393 4251 1547 4316; x_wconf 89' lang='lat' dir='ltr'>universis</span> <span class='ocrx_word' id='word_1_262' title='bbox 1570 4249 1685 4315; x_wconf 86' lang='lat' dir='ltr'>Christi</span> <span class='ocrx_word' id='word_1_263' title='bbox 1707 4248 1786 4314; x_wconf 88' lang='lat' dir='ltr'>lide-</span> 
     </span>
     <span class='ocr_line' id='line_1_31' title="bbox 441 4357 1786 4445; baseline -0.001 -24"><span class='ocrx_word' id='word_1_264' title='bbox 441 4357 524 4422; x_wconf 91' lang='lat' dir='ltr'>libus</span> <span class='ocrx_word' id='word_1_265' title='bbox 553 4362 619 4423; x_wconf 90' lang='lat' dir='ltr'>tam</span> <span class='ocrx_word' id='word_1_266' title='bbox 650 4362 850 4442; x_wconf 91' lang='lat' dir='ltr'>presentibus</span> <span class='ocrx_word' id='word_1_267' title='bbox 881 4381 979 4445; x_wconf 92' lang='lat' dir='ltr'>quam</span> <span class='ocrx_word' id='word_1_268' title='bbox 1012 4363 1123 4427; x_wconf 87' lang='lat' dir='ltr'>futuris</span> <span class='ocrx_word' id='word_1_269' title='bbox 1154 4361 1195 4426; x_wconf 89' lang='lat' dir='ltr'>ad</span> <span class='ocrx_word' id='word_1_270' title='bbox 1225 4380 1305 4443; x_wconf 91' lang='lat' dir='ltr'>quos</span> <span class='ocrx_word' id='word_1_271' title='bbox 1334 4360 1395 4426; x_wconf 93' lang='lat' dir='ltr'>hoc</span> <span class='ocrx_word' id='word_1_272' title='bbox 1424 4361 1575 4442; x_wconf 91' lang='lat' dir='ltr'>scriptum</span> <span class='ocrx_word' id='word_1_273' title='bbox 1606 4359 1786 4440; x_wconf 89' lang='lat' dir='ltr'>pervenerit</span> 
     </span>
     <span class='ocr_line' id='line_1_32' title="bbox 441 4465 1786 4550; baseline 0 -21"><span class='ocrx_word' id='word_1_274' title='bbox 441 4465 576 4530; x_wconf 88' lang='lat' dir='ltr'>salutem</span> <span class='ocrx_word' id='word_1_275' title='bbox 607 4467 638 4530; x_wconf 91' lang='lat' dir='ltr'>in</span> <span class='ocrx_word' id='word_1_276' title='bbox 664 4485 702 4531; x_wconf 89' lang='lat' dir='ltr'>eo</span> <span class='ocrx_word' id='word_1_277' title='bbox 732 4469 785 4550; x_wconf 94' lang='lat' dir='ltr'>qui</span> <span class='ocrx_word' id='word_1_278' title='bbox 807 4472 855 4532; x_wconf 91' lang='lat' dir='ltr'>est</span> <span class='ocrx_word' id='word_1_279' title='bbox 876 4469 962 4534; x_wconf 88' lang='lat' dir='ltr'>salus</span> <span class='ocrx_word' id='word_1_280' title='bbox 984 4488 1069 4534; x_wconf 87' lang='lat' dir='ltr'>vera.</span> <span class='ocrx_word' id='word_1_281' title='bbox 1114 4468 1275 4546; x_wconf 89' lang='lat' dir='ltr'>Quoniam</span> <span class='ocrx_word' id='word_1_282' title='bbox 1305 4469 1447 4534; x_wconf 89' lang='lat' dir='ltr'>humana</span> <span class='ocrx_word' id='word_1_283' title='bbox 1476 4468 1624 4550; x_wconf 87' lang='lat' dir='ltr'>fragilitas</span> <span class='ocrx_word' id='word_1_284' title='bbox 1655 4469 1786 4549; x_wconf 88' lang='lat' dir='ltr'>propter</span> 
     </span>
     <span class='ocr_line' id='line_1_33' title="bbox 441 4575 1786 4660; baseline 0 -23"><span class='ocrx_word' id='word_1_285' title='bbox 441 4575 595 4639; x_wconf 85' lang='lat' dir='ltr'>memorie</span> <span class='ocrx_word' id='word_1_286' title='bbox 627 4575 781 4640; x_wconf 93' lang='lat' dir='ltr'>lubricum</span> <span class='ocrx_word' id='word_1_287' title='bbox 815 4580 846 4641; x_wconf 90' lang='lat' dir='ltr'>et</span> <span class='ocrx_word' id='word_1_288' title='bbox 877 4579 1029 4660; x_wconf 89' lang='lat' dir='ltr'>temporis</span> <span class='ocrx_word' id='word_1_289' title='bbox 1059 4596 1244 4660; x_wconf 90' lang='lat' dir='ltr'>processum</span> <span class='ocrx_word' id='word_1_290' title='bbox 1275 4578 1441 4642; x_wconf 90' lang='lat' dir='ltr'>hominum</span> <span class='ocrx_word' id='word_1_291' title='bbox 1470 4577 1552 4641; x_wconf 90' lang='lat' dir='ltr'>bene</span> <span class='ocrx_word' id='word_1_292' title='bbox 1584 4576 1679 4657; x_wconf 90' lang='lat' dir='ltr'>gestis</span> <span class='ocrx_word' id='word_1_293' title='bbox 1709 4593 1786 4657; x_wconf 88' lang='lat' dir='ltr'>sepe</span> 
     </span>
     <span class='ocr_line' id='line_1_34' title="bbox 440 4684 1782 4767; baseline 0.001 -20"><span class='ocrx_word' id='word_1_294' title='bbox 440 4684 549 4748; x_wconf 90' lang='lat' dir='ltr'>nititur</span> <span class='ocrx_word' id='word_1_295' title='bbox 576 4684 737 4766; x_wconf 80' lang='lat' dir='ltr'>refragari,</span> <span class='ocrx_word' id='word_1_296' title='bbox 767 4687 847 4751; x_wconf 90' lang='lat' dir='ltr'>sicut</span> <span class='ocrx_word' id='word_1_297' title='bbox 877 4706 916 4751; x_wconf 83' lang='lat' dir='ltr'>ex</span> <span class='ocrx_word' id='word_1_298' title='bbox 944 4687 1047 4752; x_wconf 85' lang='lat' dir='ltr'>officio</span> <span class='ocrx_word' id='word_1_299' title='bbox 1073 4692 1182 4753; x_wconf 91' lang='lat' dir='ltr'>nostro</span> <span class='ocrx_word' id='word_1_300' title='bbox 1203 4690 1359 4765; x_wconf 90' lang='lat' dir='ltr'>tenemur,</span> <span class='ocrx_word' id='word_1_301' title='bbox 1391 4684 1593 4750; x_wconf 89' lang='lat' dir='ltr'>ecclesiarum</span> <span class='ocrx_word' id='word_1_302' title='bbox 1615 4684 1782 4767; x_wconf 90' lang='lat' dir='ltr'>presertim</span> 
     </span>
     <span class='ocr_line' id='line_1_35' title="bbox 440 4794 1784 4880; baseline -0.003 -19"><span class='ocrx_word' id='word_1_303' title='bbox 440 4796 660 4878; x_wconf 88' lang='lat' dir='ltr'>indempnitati</span> <span class='ocrx_word' id='word_1_304' title='bbox 703 4812 816 4859; x_wconf 90' lang='lat' dir='ltr'>cavere</span> <span class='ocrx_word' id='word_1_305' title='bbox 859 4795 1001 4860; x_wconf 88' lang='lat' dir='ltr'>volentes</span> <span class='ocrx_word' id='word_1_306' title='bbox 1045 4796 1195 4880; x_wconf 91' lang='lat' dir='ltr'>quicquid</span> <span class='ocrx_word' id='word_1_307' title='bbox 1239 4797 1369 4879; x_wconf 89' lang='lat' dir='ltr'>dignum</span> <span class='ocrx_word' id='word_1_308' title='bbox 1413 4795 1567 4860; x_wconf 87' lang='lat' dir='ltr'>memoria</span> <span class='ocrx_word' id='word_1_309' title='bbox 1610 4794 1651 4858; x_wconf 92' lang='lat' dir='ltr'>de</span> <span class='ocrx_word' id='word_1_310' title='bbox 1689 4794 1784 4859; x_wconf 90' lang='lat' dir='ltr'>rebus</span> 
     </span>
     <span class='ocr_line' id='line_1_36' title="bbox 441 4903 1786 4989; baseline -0.001 -21"><span class='ocrx_word' id='word_1_311' title='bbox 441 4906 618 4970; x_wconf 88' lang='lat' dir='ltr'>earundem</span> <span class='ocrx_word' id='word_1_312' title='bbox 648 4922 756 4968; x_wconf 92' lang='lat' dir='ltr'>coram</span> <span class='ocrx_word' id='word_1_313' title='bbox 790 4904 882 4970; x_wconf 90' lang='lat' dir='ltr'>nobis</span> <span class='ocrx_word' id='word_1_314' title='bbox 915 4905 1008 4970; x_wconf 84' lang='lat' dir='ltr'>fuerit</span> <span class='ocrx_word' id='word_1_315' title='bbox 1040 4907 1221 4972; x_wconf 89' lang='lat' dir='ltr'>ordinatum</span> <span class='ocrx_word' id='word_1_316' title='bbox 1260 4909 1415 4989; x_wconf 90' lang='lat' dir='ltr'>perpetuo</span> <span class='ocrx_word' id='word_1_317' title='bbox 1452 4909 1560 4969; x_wconf 87' lang='lat' dir='ltr'>nostre</span> <span class='ocrx_word' id='word_1_318' title='bbox 1592 4903 1786 4970; x_wconf 90' lang='lat' dir='ltr'>auctoritatis</span> 
     </span>
     <span class='ocr_line' id='line_1_37' title="bbox 440 5012 1784 5096; baseline -0.003 -17"><span class='ocrx_word' id='word_1_319' title='bbox 440 5015 565 5079; x_wconf 89' lang='lat' dir='ltr'>munire</span> <span class='ocrx_word' id='word_1_320' title='bbox 587 5014 784 5080; x_wconf 87' lang='lat' dir='ltr'>decrevimus</span> <span class='ocrx_word' id='word_1_321' title='bbox 804 5015 1027 5079; x_wconf 87' lang='lat' dir='ltr'>instrumento.</span> <span class='ocrx_word' id='word_1_322' title='bbox 1071 5014 1191 5079; x_wconf 91' lang='lat' dir='ltr'>Notum</span> <span class='ocrx_word' id='word_1_323' title='bbox 1220 5013 1328 5096; x_wconf 90' lang='lat' dir='ltr'>itaque</span> <span class='ocrx_word' id='word_1_324' title='bbox 1349 5015 1389 5078; x_wconf 93' lang='lat' dir='ltr'>sit</span> <span class='ocrx_word' id='word_1_325' title='bbox 1410 5013 1568 5091; x_wconf 89' lang='lat' dir='ltr'>omnibus,</span> <span class='ocrx_word' id='word_1_326' title='bbox 1600 5012 1688 5094; x_wconf 91' lang='lat' dir='ltr'>quod</span> <span class='ocrx_word' id='word_1_327' title='bbox 1710 5030 1784 5075; x_wconf 88' lang='lat' dir='ltr'>cum</span> 
     </span>
     <span class='ocr_line' id='line_1_38' title="bbox 441 5118 1786 5189; baseline -0.004 -1"><span class='ocrx_word' id='word_1_328' title='bbox 441 5123 526 5189; x_wconf 90' lang='lat' dir='ltr'>bone</span> <span class='ocrx_word' id='word_1_329' title='bbox 548 5125 700 5188; x_wconf 87' lang='lat' dir='ltr'>memorie</span> <span class='ocrx_word' id='word_1_330' title='bbox 721 5123 792 5188; x_wconf 92' lang='lat' dir='ltr'>Udo</span> <span class='ocrx_word' id='word_1_331' title='bbox 814 5123 904 5187; x_wconf 92' lang='lat' dir='ltr'>miles</span> <span class='ocrx_word' id='word_1_332' title='bbox 926 5123 967 5186; x_wconf 93' lang='lat' dir='ltr'>de</span> <span class='ocrx_word' id='word_1_333' title='bbox 990 5121 1193 5186; x_wconf 86' lang='lat' dir='ltr'>Codenhorst</span> <span class='ocrx_word' id='word_1_334' title='bbox 1225 5123 1308 5187; x_wconf 88' lang='lat' dir='ltr'>viam</span> <span class='ocrx_word' id='word_1_335' title='bbox 1338 5120 1485 5186; x_wconf 89' lang='lat' dir='ltr'>universe</span> <span class='ocrx_word' id='word_1_336' title='bbox 1507 5118 1609 5184; x_wconf 87' lang='lat' dir='ltr'>carnis</span> <span class='ocrx_word' id='word_1_337' title='bbox 1631 5122 1717 5183; x_wconf 91' lang='lat' dir='ltr'>esset</span> <span class='ocrx_word' id='word_1_338' title='bbox 1737 5120 1786 5183; x_wconf 91' lang='lat' dir='ltr'>in·</span> 
     </span>
     <span class='ocr_line' id='line_1_39' title="bbox 441 5225 1786 5313; baseline -0.005 -17"><span class='ocrx_word' id='word_1_339' title='bbox 441 5250 569 5313; x_wconf 89' lang='lat' dir='ltr'>gressus</span> <span class='ocrx_word' id='word_1_340' title='bbox 598 5231 754 5296; x_wconf 86' lang='lat' dir='ltr'>accedens</span> <span class='ocrx_word' id='word_1_341' title='bbox 785 5231 826 5295; x_wconf 91' lang='lat' dir='ltr'>ad</span> <span class='ocrx_word' id='word_1_342' title='bbox 854 5250 914 5295; x_wconf 91' lang='lat' dir='ltr'>nos</span> <span class='ocrx_word' id='word_1_343' title='bbox 943 5229 1046 5294; x_wconf 88' lang='lat' dir='ltr'>abbas</span> <span class='ocrx_word' id='word_1_344' title='bbox 1068 5232 1217 5313; x_wconf 88' lang='lat' dir='ltr'>totusque</span> <span class='ocrx_word' id='word_1_345' title='bbox 1240 5231 1414 5295; x_wconf 90' lang='lat' dir='ltr'>conventus</span> <span class='ocrx_word' id='word_1_346' title='bbox 1436 5227 1468 5291; x_wconf 91' lang='lat' dir='ltr'>in</span> <span class='ocrx_word' id='word_1_347' title='bbox 1491 5227 1598 5309; x_wconf 90' lang='lat' dir='ltr'>Yborg</span> <span class='ocrx_word' id='word_1_348' title='bbox 1619 5225 1786 5310; x_wconf 87' lang='lat' dir='ltr'>conquesti</span> 
     </span>
     <span class='ocr_line' id='line_1_40' title="bbox 441 5333 1787 5424; baseline -0.005 -19"><span class='ocrx_word' id='word_1_349' title='bbox 441 5343 516 5405; x_wconf 91' lang='lat' dir='ltr'>sunt</span> <span class='ocrx_word' id='word_1_350' title='bbox 541 5340 644 5419; x_wconf 84' lang='lat' dir='ltr'>nobis,</span> <span class='ocrx_word' id='word_1_351' title='bbox 674 5340 761 5424; x_wconf 93' lang='lat' dir='ltr'>quod</span> <span class='ocrx_word' id='word_1_352' title='bbox 791 5339 875 5404; x_wconf 92' lang='lat' dir='ltr'>idem</span> <span class='ocrx_word' id='word_1_353' title='bbox 902 5341 967 5403; x_wconf 92' lang='lat' dir='ltr'>tres</span> <span class='ocrx_word' id='word_1_354' title='bbox 998 5337 1116 5403; x_wconf 91' lang='lat' dir='ltr'>solidos</span> <span class='ocrx_word' id='word_1_355' title='bbox 1146 5356 1227 5420; x_wconf 89' lang='lat' dir='ltr'>quos</span> <span class='ocrx_word' id='word_1_356' title='bbox 1257 5339 1349 5419; x_wconf 93' lang='lat' dir='ltr'>pater</span> <span class='ocrx_word' id='word_1_357' title='bbox 1375 5354 1452 5400; x_wconf 91' lang='lat' dir='ltr'>suus</span> <span class='ocrx_word' id='word_1_358' title='bbox 1474 5354 1533 5417; x_wconf 92' lang='lat' dir='ltr'>pro</span> <span class='ocrx_word' id='word_1_359' title='bbox 1556 5333 1657 5399; x_wconf 88' lang='lat' dir='ltr'>salute</span> <span class='ocrx_word' id='word_1_360' title='bbox 1680 5334 1787 5399; x_wconf 90' lang='lat' dir='ltr'>anime</span> 
     </span>
    </p>
   </div>
   <div class='ocr_carea' id='block_1_9' title="bbox 0 0 2131 6100">
    <p class='ocr_par' dir='ltr' id='par_1_9' title="bbox 0 0 2131 6100">
     <span class='ocr_line' id='line_1_41' title="bbox 0 0 2131 6100; baseline 0 0"><span class='ocrx_word' id='word_1_361' title='bbox 0 0 2131 6100; x_wconf 95' lang='lat' dir='ltr'> </span> 
     </span>
    </p>
   </div>
  </div>
 </body>
</html>
