4250 6109
946 682 1093 750 121711218
1644 664 1684 730 67

343 869 408 915 non
439 850 600 914 sufficeret
630 847 834 931 professionis
862 865 940 910 snae
970 851 1153 929 paupertas,
1183 847 1288 928 coepit
1316 849 1348 909 in
1370 847 1457 910 brevi
1479 847 1618 928 aspirare
1645 846 1686 909 ad

343 957 629 1023 Monasteriensem
661 954 825 1020 eeclesiam
856 973 939 1038 quae
970 954 1146 1038 vacabatl)
1191 954 1271 1018 Cum
1302 958 1408 1019 autern
1436 974 1455 1018 a
1484 955 1686 1037 quibusdam,

344 1065 399 1148 qui
421 1065 676 1131 adversabantur
706 1064 734 1128 ei
761 1065 793 1127 et
814 1065 927 1129 merito
949 1062 1060 1128 fuisset
1082 1064 1214 1146 turpiter
1236 1082 1308 1126 cum
1331 1081 1408 1126 suae
1429 1063 1589 1126 tenuitatis
1611 1083 1687 1127 con·

345 1173 471 1238 lusione
493 1174 648 1256 repulsus,
679 1172 755 1236 data
776 1172 889 1235 iterum
913 1171 1089 1250 occasione,
1124 1173 1197 1253 quia
1219 1190 1283 1235 non
1305 1172 1407 1252 potuit
1428 1189 1499 1234 esse
1521 1171 1687 1252 episcopus

344 1280 443 1345 voluit
473 1300 544 1345 esse
573 1281 674 1345 abbas
700 1279 845 1344 mitratus
872 1279 913 1343 de
935 1279 1046 1344 ordine
1068 1280 1230 1362 nigrorum
1253 1277 1493 1355 monachorum,
1529 1277 1646 1343 electus
1667 1297 1687 1342 a

345 1389 539 1472 quibusdam
573 1389 727 1453 seditiosis
761 1389 793 1452 in
827 1386 992 1452 Corbiensi
1027 1385 1258 1469 monasteri02)
1291 1387 1321 1449 in
1355 1385 1562 1467 Weslphalia,
1601 1387 1687 1468 quod

343 1500 474 1578 pastore
505 1497 643 1562 carebat.
687 1495 805 1560 Verum
840 1495 914 1578 quia
947 1495 1201 1559 adversabantur
1234 1495 1261 1559 ei
1293 1495 1350 1558 viri
1383 1493 1480 1559 fortes
1502 1495 1561 1576 jus
1594 1513 1685 1558 suum

343 1604 473 1670 viriliter
495 1605 702 1670 defendentes
724 1605 764 1669 de
780 1605 872 1670 bonis
888 1605 1037 1686 pauperis
1054 1600 1232 1691 ecclesia[e]
1247 1602 1472 1668 Clarholtensis
1490 1605 1622 1667 conatus
1639 1606 1687 1667 est

344 1712 467 1776 tamdiu
489 1730 660 1794 procurare
682 1711 889 1777 intrusionem
911 1730 1013 1790 suam,
1037 1713 1123 1793 quod
1146 1731 1187 1775 ex
1209 1708 1406 1792 delegatione
1424 1716 1529 1775 vestra
1545 1731 1603 1776 nec
1620 1732 1686 1776 non

345 1839 365 1885 a
386 1820 528 1903 generali
555 1818 692 1903 capitulo
715 1819 963 1884 Praemonstrati
995 1839 1053 1903 pro
1077 1840 1125 1894 eo,
1161 1820 1248 1902 quod
1270 1819 1422 1883 desistere
1443 1819 1587 1900 noluerit,
1617 1821 1688 1886 licet

344 1928 529 1993 admonitus
558 1927 723 2007 diligenter
756 1927 1305 1993 sententiamexcommunicationis
1335 1928 1509 2009 susceperit
1540 1931 1581 2008 et,
1614 1929 1688 2010 quia

344 2056 404 2102 nec
426 2038 472 2101 sic
493 2037 597 2119 potuit
626 2037 772 2114 coerceri,
805 2037 935 2100 tandem
959 2056 979 2101 a
1001 2037 1156 2119 parvitate
1180 2055 1252 2101 mea
1275 2039 1306 2100 et
1327 2054 1348 2099 a
1368 2035 1506 2118 capitulo
1527 2037 1688 2118 praedicto

344 2146 485 2226 generali
506 2145 697 2209 sententiam
720 2145 925 2226 depositionis
948 2144 1087 2223 incurrit,
1117 2164 1202 2208 nunc
1231 2147 1338 2208 autern
1368 2146 1447 2209 sicut
1473 2144 1571 2210 homo
1594 2146 1688 2210 datus

344 2252 375 2317 in
398 2251 574 2335 reprobum
597 2269 727 2316 sensum
750 2255 782 2315 et
798 2251 964 2316 derelictus
981 2272 1001 2317 a
1016 2252 1094 2333 Deo,
1118 2252 1192 2334 quia
1214 2272 1278 2317 non
1301 2256 1406 2335 potest
1427 2254 1459 2318 in
1481 2254 1558 2318 alios
1577 2259 1688 2336 utpote

344 2361 491 2426 tortiores
528 2379 620 2424 suam
657 2360 810 2424 malitiam
846 2380 1003 2439 exercere,
1043 2360 1074 2424 in
1113 2360 1292 2442 religiosum
1332 2363 1433 2425 virum
1472 2362 1687 2445 Luggerumn

344 2470 499 2534 abbatem
518 2467 772 2533 Clarholtensem
789 2488 1005 2534 successorem
1028 2487 1122 2533 suum
1145 2472 1176 2533 et
1198 2469 1309 2534 fratres
1332 2471 1360 2534 ei
1376 2470 1519 2534 subditos
1534 2489 1688 2535 exacuere

346 2577 458 2643 dentes
489 2596 565 2641 suos
595 2580 750 2661 tanquam
782 2578 813 2640 in
844 2596 1002 2660 pauperes
1032 2577 1213 2643 indefensos
1243 2581 1274 2642 et
1301 2578 1436 2661 diripere
1465 2580 1551 2644 bona
1577 2599 1688 2644 eorum

344 2706 401 2768 per
431 2685 584 2751 satellites
612 2685 922 2767 consanguineorum
953 2705 1094 2764 suorum,
1128 2689 1171 2751 ita
1200 2686 1286 2768 quod
1317 2686 1429 2750 iratres
1457 2686 1607 2751 ecclesiae
1634 2687 1687 2770 qui

343 2793 411 2859 Deo
436 2795 555 2859 servire
585 2795 741 2859 deberent
765 2795 842 2860 nudi
864 2798 1054 2860 remaneant
1077 2797 1108 2859 et
1129 2799 1318 2877 paupertate
1340 2794 1445 2860 afflicti
1467 2800 1687 2878 exspectantes

345 2902 436 2985 quasi
468 2903 508 2967 de
537 2903 589 2967 die
620 2904 651 2966 in
681 2903 766 2967 diem
797 2923 855 2968 nec
884 2923 948 2968 non
979 2903 1082 2967 solum
1114 2904 1202 2985 quasi
1229 2905 1260 2967 in
1287 2904 1383 2968 rebus
1405 2923 1515 2968 verum
1538 2906 1633 2969 etiam
1654 2907 1711 2969 in'

343 3011 490 3093 personis
515 3011 723 3075 contumelias
744 3016 776 3076 et
798 3012 927 3094 injurias
949 3011 1120 3094 patiantur.
1166 3011 1247 3076 Cum
1277 3012 1368 3094 igitur
1389 3013 1437 3075 his
1459 3013 1606 3078 omnibus
1629 3014 1687 3079 ob·

343 3119 421 3184 viari
447 3139 514 3185 non
544 3119 644 3202 possit
674 3121 850 3184 secundum
880 3121 966 3203 quod
995 3124 1144 3201 meretur,
1171 3121 1230 3185 nisi
1252 3140 1310 3202 per
1331 3119 1527 3185 materialem
1548 3121 1686 3202 gladium

344 3229 375 3292 in
404 3248 469 3311 quo
498 3229 646 3293 dominus
668 3229 924 3294 Monasteriensis
956 3230 1123 3311 episcopus
1154 3231 1308 3311 majorem
1340 3249 1437 3311 quam
1467 3229 1579 3311 aliquis
1609 3231 1687 3295 alius

343 3337 465 3401 habere
482 3338 676 3418 dignoscitur
691 3342 894 3420 potestatem,
918 3338 1061 3420 supplico
1084 3337 1239 3401 sanctitati
1261 3340 1395 3415 vestrae,
1418 3342 1453 3401 ut
1474 3337 1522 3401 vel
1546 3338 1688 3403 scribatis

343 3446 402 3528 ipsi
417 3444 659 3510 Monasteriensi
678 3447 837 3529 episcopo,
860 3450 895 3511 ut
917 3449 1062 3512 coerceat
1085 3445 1305 3511 malefactores
1324 3446 1502 3528 praedictos
1519 3446 1578 3528 vel,
1601 3448 1687 3530 quod

343 3553 444 3635 magis
467 3553 624 3632 desidero,
646 3553 884 3636 Osnaburgensi
907 3556 1068 3638 episcopo,
1090 3559 1126 3619 ut
1148 3555 1251 3637 ipsum
1267 3554 1550 3619 Monasteriensem
1570 3557 1687 3621 adhoc

342 3666 449 3726 vestra
471 3661 665 3727 authoritate
687 3662 866 3745 compellat,
896 3663 939 3726 ita
968 3663 1055 3745 quod
1085 3662 1283 3743 saepedictus
1314 3666 1460 3744 apostata
1490 3663 1540 3727 vel
1570 3664 1688 3728 ordinis

342 3769 390 3833 sui
419 3768 550 3834 obediat
575 3769 725 3834 institutis
754 3771 804 3835 vel
833 3771 1004 3835 transferat
1031 3790 1067 3834 se
1097 3771 1138 3836 ad
1166 3771 1243 3834 alios
1271 3770 1433 3851 religiosos
1461 3773 1514 3854 qui
1537 3775 1611 3835 sunt
1632 3790 1687 3835 ex-

341 3878 540 3943 cellentiores
561 3877 945 3960 Praemonstratensibus,
968 3879 1084 3962 quibus
1110 3878 1203 3960 eligat
1225 3879 1365 3944 obedire.

451 4035 472 4101 ¹)
492 4032 563 4103 lteri
582 4033 639 4090 tem
659 4035 735 4092 bote
754 4035 858 4106 illiciet
874 4035 1030 4104 &emmane
1044 4037 1090 4101 II.l
1109 4033 1323 4102 12031811¹1i8i
1342 4034 1424 4103 tergi.
1444 4033 1588 4100 {unitiml
1605 4031 1686 4104 llicit:

344 4119 457 4190 bcutldpe
485 4119 632 4190 geitlclnift
656 4122 706 4189 ΙΙΙ,
732 4122 785 4175 355
808 4123 835 4189 ῇ.
874 4152 906 4160 -
944 4122 1035 4189 l)1nn
1065 4122 1228 4187 ltlolttttlj
1256 4121 1338 4189 tctgt.
1366 4120 1447 4189 &inte
1474 4136 1498 4175 o.
1527 4135 1550 4174 u.
1578 4118 1615 4176 b.
1653 4150 1685 4158 —

342 4208 365 4274 ³)
383 4206 480 4277 ssucrlt
500 4208 578 4273 1217,
603 4205 753 4274 antimum
775 4206 818 4264 ee.
838 4206 920 4264 aeta
939 4209 990 4275 ΙΙΙ]
1010 4209 1060 4261 110
1089 4208 1221 4276 ermanno
1249 4206 1310 4274 nod]
1330 4206 1379 4262 lte.
1398 4209 1442 4272 84l
1459 4208 1494 4261 85
1513 4207 1623 4276 crmttptt
1643 4221 1686 4262 om

341 4296 367 4348 2.
387 4295 451 4351 obet
470 4295 496 4348 3.
517 4293 606 4365 llltrg.

344 4555 397 4623 92.
419 4592 463 4603 -
486 4555 705 4640 multatae)

513 4686 573 4754 abt
595 4686 760 4766 dertosam
782 4704 842 4753 oon
865 4685 1043 4770 littrnontrt
1072 4688 1174 4771 metat
1205 4689 1250 4755 bic
1281 4688 1371 4755 licite
1401 4706 1458 4755 oon
1483 4689 1687 4773 ceppenberg,

514 4794 668 4873 bornhem
689 4796 750 4863 unt
768 4794 895 4875 tletlet„
916 4795 972 4861 ben
994 4814 1089 4862 neuen
1102 4797 1161 4863 alt
1178 4796 1302 4881 (llroplt
1320 4797 1450 4881 tubgct)
1472 4815 1530 4863 oon
1549 4796 1687 4880 dietbolt

515 4920 604 4987 gegen
626 4904 672 4970 tic
694 4903 926 4987 llnteintungen
955 4902 1050 4983 teincss
1080 4903 1248 4987 obgeietten
1271 4903 1466 4988 tlorga'ngeta
1487 4904 1633 4987 &nebrida
1655 4906 1688 4972 in

516 5009 619 5093 &dut
640 5029 675 5095 gu
698 5011 830 5096 nahmen.

611 5142 696 5201 §bruci
714 5143 755 5199 oo
774 5143 864 5214 {rugos
882 5145 979 5199 Sacrae
998 5144 1173 5211 antiquitatis
1191 5152 1363 5200 monumenta
1381 5147 1402 5210 1,
1421 5144 1458 5200 (Ξ).
1478 5146 1522 5213 95,
1541 5144 1590 5200 ar.
1611 5147 1669 5200 107.

366 5262 380 5267 m
454 5311 475 5376 ¹)
494 5309 587 5380 {lergt
607 5308 647 5366 tte
665 5309 833 5379 nemetum
851 5323 885 5378 gu
904 5309 954 5364 nt.
972 5311 1014 5364 91.

1461 5390 1499 5455 5*
