<?xml version="1.0" encoding="UTF-8"?>
<!DOCTYPE html PUBLIC "-//W3C//DTD XHTML 1.0 Transitional//EN"
    "http://www.w3.org/TR/xhtml1/DTD/xhtml1-transitional.dtd">
<html xmlns="http://www.w3.org/1999/xhtml" xml:lang="en" lang="en">
 <head>
  <title>
</title>
<meta http-equiv="Content-Type" content="text/html;charset=utf-8" />
  <meta name='ocr-system' content='tesseract 3.04.00' />
  <meta name='ocr-capabilities' content='ocr_page ocr_carea ocr_par ocr_line ocrx_word'/>
</head>
<body>
  <div class='ocr_page' id='page_1' title='image "./osnabrckerurkun00brgoog/osnabrckerurkun00brgoog_0031.png"; bbox 0 0 4250 6109; ppageno 0'>
   <div class='ocr_carea' id='block_1_1' title="bbox 445 671 1148 739">
    <p class='ocr_par' dir='ltr' id='par_1_1' title="bbox 445 671 1148 739">
     <span class='ocr_line' id='line_1_1' title="bbox 445 671 1148 739; baseline 0.003 -3"><span class='ocrx_word' id='word_1_1' title='bbox 445 671 484 736; x_wconf 77' lang='grc'><strong>14</strong></span> <span class='ocrx_word' id='word_1_2' title='bbox 1081 682 1148 739; x_wconf 75' lang='lat'>1203</span> 
     </span>
    </p>
   </div>
   <div class='ocr_carea' id='block_1_2' title="bbox 440 845 1791 5372">
    <p class='ocr_par' dir='ltr' id='par_1_2' title="bbox 440 845 1791 5372">
     <span class='ocr_line' id='line_1_2' title="bbox 441 845 1786 933; baseline -0.003 -18"><span class='ocrx_word' id='word_1_3' title='bbox 441 851 520 916; x_wconf 91' lang='lat' dir='ltr'><strong>Inde</strong></span> <span class='ocrx_word' id='word_1_4' title='bbox 542 854 600 928; x_wconf 88' lang='lat' dir='ltr'><strong>est,</strong></span> <span class='ocrx_word' id='word_1_5' title='bbox 631 849 717 933; x_wconf 92' lang='lat' dir='ltr'><strong>quod</strong></span> <span class='ocrx_word' id='word_1_6' title='bbox 745 852 818 931; x_wconf 92' lang='lat' dir='ltr'><strong>post</strong></span> <span class='ocrx_word' id='word_1_7' title='bbox 844 849 1022 930; x_wconf 88' lang='lat' dir='ltr'><strong>inopinatas</strong></span> <span class='ocrx_word' id='word_1_8' title='bbox 1045 846 1302 928; x_wconf 72' lang='lat' dir='ltr'>persecutionum</span> <span class='ocrx_word' id='word_1_9' title='bbox 1323 845 1552 910; x_wconf 71' lang='lat' dir='ltr'><strong>amaritudines</strong></span> <span class='ocrx_word' id='word_1_10' title='bbox 1574 864 1655 929; x_wconf 87' lang='lat' dir='ltr'><strong>quas</strong></span> <span class='ocrx_word' id='word_1_11' title='bbox 1676 848 1786 928; x_wconf 87' lang='lat' dir='ltr'><strong>gusta·</strong></span> 
     </span>
     <span class='ocr_line' id='line_1_3' title="bbox 442 953 1785 1041; baseline -0.002 -19"><span class='ocrx_word' id='word_1_12' title='bbox 442 959 545 1022; x_wconf 87' lang='lat' dir='ltr'><strong>vimus</strong></span> <span class='ocrx_word' id='word_1_13' title='bbox 566 960 640 1041; x_wconf 88' lang='lat' dir='ltr'><strong>post</strong></span> <span class='ocrx_word' id='word_1_14' title='bbox 661 956 889 1040; x_wconf 84' lang='lat' dir='ltr'><strong>insuperabiles</strong></span> <span class='ocrx_word' id='word_1_15' title='bbox 909 953 1151 1019; x_wconf 81' lang='lat' dir='ltr'><strong>tribulationum</strong></span> <span class='ocrx_word' id='word_1_16' title='bbox 1183 953 1308 1018; x_wconf 90' lang='lat' dir='ltr'><strong>dolores</strong></span> <span class='ocrx_word' id='word_1_17' title='bbox 1331 973 1412 1037; x_wconf 89' lang='lat' dir='ltr'><strong>quos</strong></span> <span class='ocrx_word' id='word_1_18' title='bbox 1433 953 1519 1036; x_wconf 91' lang='lat' dir='ltr'><strong>passi</strong></span> <span class='ocrx_word' id='word_1_19' title='bbox 1541 972 1653 1017; x_wconf 88' lang='lat' dir='ltr'><strong>sumus</strong></span> <span class='ocrx_word' id='word_1_20' title='bbox 1675 957 1708 1018; x_wconf 91' lang='lat' dir='ltr'><strong>et</strong></span> <span class='ocrx_word' id='word_1_21' title='bbox 1729 954 1785 1019; x_wconf 88' lang='lat' dir='ltr'><strong>de·</strong></span> 
     </span>
     <span class='ocr_line' id='line_1_4' title="bbox 441 1062 1787 1147; baseline -0.003 -15"><span class='ocrx_word' id='word_1_22' title='bbox 441 1067 573 1132; x_wconf 83' lang='lat' dir='ltr'><strong>fecimus</strong></span> <span class='ocrx_word' id='word_1_23' title='bbox 596 1067 688 1145; x_wconf 90' lang='lat' dir='ltr'><strong>adeo,</strong></span> <span class='ocrx_word' id='word_1_24' title='bbox 710 1071 746 1130; x_wconf 92' lang='lat' dir='ltr'><strong>ut</strong></span> <span class='ocrx_word' id='word_1_25' title='bbox 768 1065 986 1147; x_wconf 88' lang='lat' dir='ltr'><strong>unusquisque</strong></span> <span class='ocrx_word' id='word_1_26' title='bbox 1009 1063 1198 1130; x_wconf 89' lang='lat' dir='ltr'><strong>declinando</strong></span> <span class='ocrx_word' id='word_1_27' title='bbox 1220 1063 1262 1127; x_wconf 88' lang='lat' dir='ltr'><strong>ab</strong></span> <span class='ocrx_word' id='word_1_28' title='bbox 1281 1062 1382 1127; x_wconf 92' lang='lat' dir='ltr'><strong>altero</strong></span> <span class='ocrx_word' id='word_1_29' title='bbox 1403 1063 1552 1145; x_wconf 82' lang='lat' dir='ltr'><strong>fugiendo</strong></span> <span class='ocrx_word' id='word_1_30' title='bbox 1568 1063 1682 1128; x_wconf 91' lang='lat' dir='ltr'><strong>saltem</strong></span> <span class='ocrx_word' id='word_1_31' title='bbox 1700 1063 1787 1128; x_wconf 88' lang='lat' dir='ltr'><strong>mala</strong></span> 
     </span>
     <span class='ocr_line' id='line_1_5' title="bbox 442 1171 1787 1258; baseline -0.002 -19"><span class='ocrx_word' id='word_1_32' title='bbox 442 1194 505 1258; x_wconf 92' lang='lat' dir='ltr'><strong>que</strong></span> <span class='ocrx_word' id='word_1_33' title='bbox 535 1175 634 1239; x_wconf 89' lang='lat' dir='ltr'><strong>sensit</strong></span> <span class='ocrx_word' id='word_1_34' title='bbox 663 1173 781 1238; x_wconf 88' lang='lat' dir='ltr'><strong>evitare</strong></span> <span class='ocrx_word' id='word_1_35' title='bbox 811 1174 964 1237; x_wconf 87' lang='lat' dir='ltr'><strong>studeret.</strong></span> <span class='ocrx_word' id='word_1_36' title='bbox 1007 1171 1127 1236; x_wconf 86' lang='lat' dir='ltr'><strong>Placuit</strong></span> <span class='ocrx_word' id='word_1_37' title='bbox 1158 1172 1250 1236; x_wconf 92' lang='lat' dir='ltr'><strong>nobis</strong></span> <span class='ocrx_word' id='word_1_38' title='bbox 1281 1176 1312 1235; x_wconf 86' lang='lat' dir='ltr'><strong>et</strong></span> <span class='ocrx_word' id='word_1_39' title='bbox 1341 1171 1418 1235; x_wconf 92' lang='lat' dir='ltr'><strong>utile</strong></span> <span class='ocrx_word' id='word_1_40' title='bbox 1447 1172 1550 1235; x_wconf 92' lang='lat' dir='ltr'><strong>visum</strong></span> <span class='ocrx_word' id='word_1_41' title='bbox 1572 1175 1630 1250; x_wconf 86' lang='lat' dir='ltr'><strong>est,</strong></span> <span class='ocrx_word' id='word_1_42' title='bbox 1664 1172 1787 1257; x_wconf 80' lang='lat' dir='ltr'><strong>quod⁵)</strong></span> 
     </span>
     <span class='ocr_line' id='line_1_6' title="bbox 441 1279 1787 1366; baseline -0.003 -19"><span class='ocrx_word' id='word_1_43' title='bbox 441 1283 513 1366; x_wconf 91' lang='lat' dir='ltr'><strong>plus</strong></span> <span class='ocrx_word' id='word_1_44' title='bbox 541 1282 623 1347; x_wconf 90' lang='lat' dir='ltr'><strong>solet</strong></span> <span class='ocrx_word' id='word_1_45' title='bbox 651 1282 763 1359; x_wconf 88' lang='lat' dir='ltr'><strong>timeri,</strong></span> <span class='ocrx_word' id='word_1_46' title='bbox 798 1281 884 1363; x_wconf 92' lang='lat' dir='ltr'><strong>quod</strong></span> <span class='ocrx_word' id='word_1_47' title='bbox 915 1279 1093 1361; x_wconf 87' lang='lat' dir='ltr'><strong>specialiter</strong></span> <span class='ocrx_word' id='word_1_48' title='bbox 1120 1279 1295 1361; x_wconf 90' lang='lat' dir='ltr'><strong>pollicetur,</strong></span> <span class='ocrx_word' id='word_1_49' title='bbox 1330 1298 1428 1361; x_wconf 91' lang='lat' dir='ltr'><strong>quam</strong></span> <span class='ocrx_word' id='word_1_50' title='bbox 1462 1280 1549 1362; x_wconf 92' lang='lat' dir='ltr'><strong>quod</strong></span> <span class='ocrx_word' id='word_1_51' title='bbox 1580 1281 1613 1344; x_wconf 95' lang='lat' dir='ltr'><strong>in</strong></span> <span class='ocrx_word' id='word_1_52' title='bbox 1646 1279 1787 1360; x_wconf 81' lang='lat' dir='ltr'><strong>generali</strong></span> 
     </span>
     <span class='ocr_line' id='line_1_7' title="bbox 441 1388 1782 1474; baseline -0.002 -18"><span class='ocrx_word' id='word_1_53' title='bbox 441 1391 650 1474; x_wconf 88' lang='lat' dir='ltr'><strong>promissione</strong></span> <span class='ocrx_word' id='word_1_54' title='bbox 672 1389 878 1467; x_wconf 84' lang='lat' dir='ltr'><strong>concluditur,</strong></span> <span class='ocrx_word' id='word_1_55' title='bbox 909 1391 944 1453; x_wconf 92' lang='lat' dir='ltr'><strong>ut</strong></span> <span class='ocrx_word' id='word_1_56' title='bbox 965 1406 1037 1451; x_wconf 93' lang='lat' dir='ltr'><strong>eam</strong></span> <span class='ocrx_word' id='word_1_57' title='bbox 1061 1388 1280 1453; x_wconf 86' lang='lat' dir='ltr'><strong>familiaritatis</strong></span> <span class='ocrx_word' id='word_1_58' title='bbox 1308 1391 1339 1452; x_wconf 92' lang='lat' dir='ltr'><strong>et</strong></span> <span class='ocrx_word' id='word_1_59' title='bbox 1361 1389 1501 1469; x_wconf 79' lang='lat' dir='ltr'><strong>amicicie</strong></span> <span class='ocrx_word' id='word_1_60' title='bbox 1523 1388 1782 1469; x_wconf 87' lang='lat' dir='ltr'><strong>vicissitudinem,</strong></span> 
     </span>
     <span class='ocr_line' id='line_1_8' title="bbox 443 1496 1787 1582; baseline -0.001 -19"><span class='ocrx_word' id='word_1_61' title='bbox 443 1518 540 1582; x_wconf 93' lang='lat' dir='ltr'><strong>quam</strong></span> <span class='ocrx_word' id='word_1_62' title='bbox 569 1518 609 1563; x_wconf 81' lang='lat' dir='ltr'><strong>ex</strong></span> <span class='ocrx_word' id='word_1_63' title='bbox 639 1499 747 1563; x_wconf 89' lang='lat' dir='ltr'><strong>debito</strong></span> <span class='ocrx_word' id='word_1_64' title='bbox 774 1498 951 1562; x_wconf 88' lang='lat' dir='ltr'><strong>adinvicem</strong></span> <span class='ocrx_word' id='word_1_65' title='bbox 981 1496 1061 1561; x_wconf 88' lang='lat' dir='ltr'><strong>alter</strong></span> <span class='ocrx_word' id='word_1_66' title='bbox 1090 1497 1180 1561; x_wconf 89' lang='lat' dir='ltr'><strong>alteri</strong></span> <span class='ocrx_word' id='word_1_67' title='bbox 1208 1503 1356 1562; x_wconf 90' lang='lat' dir='ltr'><strong>tenemur</strong></span> <span class='ocrx_word' id='word_1_68' title='bbox 1386 1499 1571 1581; x_wconf 90' lang='lat' dir='ltr'><strong>impendere</strong></span> <span class='ocrx_word' id='word_1_69' title='bbox 1599 1498 1706 1564; x_wconf 92' lang='lat' dir='ltr'><strong>verbis</strong></span> <span class='ocrx_word' id='word_1_70' title='bbox 1736 1518 1787 1563; x_wconf 90' lang='lat' dir='ltr'><strong>re-</strong></span> 
     </span>
     <span class='ocr_line' id='line_1_9' title="bbox 440 1604 1787 1689; baseline 0.001 -18"><span class='ocrx_word' id='word_1_71' title='bbox 440 1625 634 1672; x_wconf 90' lang='lat' dir='ltr'><strong>novaremus</strong></span> <span class='ocrx_word' id='word_1_72' title='bbox 664 1609 696 1670; x_wconf 91' lang='lat' dir='ltr'><strong>et</strong></span> <span class='ocrx_word' id='word_1_73' title='bbox 722 1605 838 1688; x_wconf 90' lang='lat' dir='ltr'><strong>scripto</strong></span> <span class='ocrx_word' id='word_1_74' title='bbox 869 1604 1142 1684; x_wconf 87' lang='lat' dir='ltr'><strong>confirmaremus,</strong></span> <span class='ocrx_word' id='word_1_75' title='bbox 1173 1609 1206 1669; x_wconf 93' lang='lat' dir='ltr'><strong>ut</strong></span> <span class='ocrx_word' id='word_1_76' title='bbox 1239 1605 1352 1670; x_wconf 90' lang='lat' dir='ltr'><strong>saltem</strong></span> <span class='ocrx_word' id='word_1_77' title='bbox 1385 1606 1429 1670; x_wconf 93' lang='lat' dir='ltr'><strong>sic</strong></span> <span class='ocrx_word' id='word_1_78' title='bbox 1451 1606 1599 1689; x_wconf 88' lang='lat' dir='ltr'><strong>quicquid</strong></span> <span class='ocrx_word' id='word_1_79' title='bbox 1622 1607 1787 1672; x_wconf 88' lang='lat' dir='ltr'><strong>internos</strong></span> 
     </span>
     <span class='ocr_line' id='line_1_10' title="bbox 441 1711 1786 1796; baseline 0 -18"><span class='ocrx_word' id='word_1_80' title='bbox 441 1714 546 1780; x_wconf 86' lang='lat' dir='ltr'><strong>luerat</strong></span> <span class='ocrx_word' id='word_1_81' title='bbox 575 1714 744 1778; x_wconf 88' lang='lat' dir='ltr'><strong>dubietatis</strong></span> <span class='ocrx_word' id='word_1_82' title='bbox 776 1714 808 1777; x_wconf 88' lang='lat' dir='ltr'><strong>et</strong></span> <span class='ocrx_word' id='word_1_83' title='bbox 842 1711 1014 1777; x_wconf 82' lang='lat' dir='ltr'><strong>diffidentie</strong></span> <span class='ocrx_word' id='word_1_84' title='bbox 1046 1733 1105 1795; x_wconf 91' lang='lat' dir='ltr'><strong>per</strong></span> <span class='ocrx_word' id='word_1_85' title='bbox 1138 1713 1320 1794; x_wconf 85' lang='lat' dir='ltr'><strong>hujusmodi</strong></span> <span class='ocrx_word' id='word_1_86' title='bbox 1353 1715 1591 1796; x_wconf 89' lang='lat' dir='ltr'><strong>compositionis</strong></span> <span class='ocrx_word' id='word_1_87' title='bbox 1624 1715 1786 1779; x_wconf 92' lang='lat' dir='ltr'><strong>vinculum</strong></span> 
     </span>
     <span class='ocr_line' id='line_1_11' title="bbox 441 1821 1787 1906; baseline -0.001 -18"><span class='ocrx_word' id='word_1_88' title='bbox 441 1825 568 1906; x_wconf 87' lang='lat' dir='ltr'><strong>penitus</strong></span> <span class='ocrx_word' id='word_1_89' title='bbox 587 1823 752 1888; x_wconf 88' lang='lat' dir='ltr'><strong>tolleretur</strong></span> <span class='ocrx_word' id='word_1_90' title='bbox 773 1825 805 1885; x_wconf 91' lang='lat' dir='ltr'><strong>et</strong></span> <span class='ocrx_word' id='word_1_91' title='bbox 826 1840 865 1884; x_wconf 93' lang='lat' dir='ltr'><strong>eo</strong></span> <span class='ocrx_word' id='word_1_92' title='bbox 888 1821 1099 1885; x_wconf 89' lang='lat' dir='ltr'><strong>confidentius</strong></span> <span class='ocrx_word' id='word_1_93' title='bbox 1125 1826 1156 1886; x_wconf 91' lang='lat' dir='ltr'><strong>et</strong></span> <span class='ocrx_word' id='word_1_94' title='bbox 1182 1822 1340 1886; x_wconf 86' lang='lat' dir='ltr'><strong>efficacius</strong></span> <span class='ocrx_word' id='word_1_95' title='bbox 1371 1822 1502 1902; x_wconf 76' lang='lat' dir='ltr'><strong>ecclesie</strong></span> <span class='ocrx_word' id='word_1_96' title='bbox 1525 1825 1632 1887; x_wconf 90' lang='lat' dir='ltr'><strong>nostre</strong></span> <span class='ocrx_word' id='word_1_97' title='bbox 1654 1823 1787 1906; x_wconf 90' lang='lat' dir='ltr'><strong>injurias</strong></span> 
     </span>
     <span class='ocr_line' id='line_1_12' title="bbox 442 1929 1787 2016; baseline -0.001 -19"><span class='ocrx_word' id='word_1_98' title='bbox 442 1932 583 1997; x_wconf 92' lang='lat' dir='ltr'><strong>unanimi</strong></span> <span class='ocrx_word' id='word_1_99' title='bbox 603 1929 812 1996; x_wconf 90' lang='lat' dir='ltr'><strong>sollieitudine</strong></span> <span class='ocrx_word' id='word_1_100' title='bbox 834 1929 988 2011; x_wconf 88' lang='lat' dir='ltr'><strong>repellere</strong></span> <span class='ocrx_word' id='word_1_101' title='bbox 1010 1931 1221 1995; x_wconf 87' lang='lat' dir='ltr'><strong>studeremus.</strong></span> <span class='ocrx_word' id='word_1_102' title='bbox 1266 1929 1414 1995; x_wconf 91' lang='lat' dir='ltr'><strong>Promisit</strong></span> <span class='ocrx_word' id='word_1_103' title='bbox 1441 1933 1524 1996; x_wconf 87' lang='lat' dir='ltr'><strong>enim</strong></span> <span class='ocrx_word' id='word_1_104' title='bbox 1548 1931 1697 1997; x_wconf 89' lang='lat' dir='ltr'><strong>dominus</strong></span> <span class='ocrx_word' id='word_1_105' title='bbox 1720 1933 1787 2016; x_wconf 90' lang='lat' dir='ltr'><strong>epi-</strong></span> 
     </span>
     <span class='ocr_line' id='line_1_13' title="bbox 442 2036 1787 2123; baseline 0.001 -19"><span class='ocrx_word' id='word_1_106' title='bbox 442 2059 567 2123; x_wconf 90' lang='lat' dir='ltr'><strong>seopus,</strong></span> <span class='ocrx_word' id='word_1_107' title='bbox 598 2040 685 2122; x_wconf 91' lang='lat' dir='ltr'><strong>quod</strong></span> <span class='ocrx_word' id='word_1_108' title='bbox 715 2039 783 2120; x_wconf 92' lang='lat' dir='ltr'><strong>ipse</strong></span> <span class='ocrx_word' id='word_1_109' title='bbox 814 2036 979 2102; x_wconf 87' lang='lat' dir='ltr'><strong>ecclesiam</strong></span> <span class='ocrx_word' id='word_1_110' title='bbox 1002 2037 1284 2118; x_wconf 87' lang='lat' dir='ltr'><strong>Osnaburgensem</strong></span> <span class='ocrx_word' id='word_1_111' title='bbox 1307 2043 1374 2102; x_wconf 93' lang='lat' dir='ltr'><strong>tam</strong></span> <span class='ocrx_word' id='word_1_112' title='bbox 1396 2039 1536 2118; x_wconf 92' lang='lat' dir='ltr'><strong>clericos,</strong></span> <span class='ocrx_word' id='word_1_113' title='bbox 1568 2059 1666 2123; x_wconf 86' lang='lat' dir='ltr'><strong>quam</strong></span> <span class='ocrx_word' id='word_1_114' title='bbox 1688 2040 1787 2105; x_wconf 90' lang='lat' dir='ltr'><strong>laicos</strong></span> 
     </span>
     <span class='ocr_line' id='line_1_14' title="bbox 442 2145 1788 2231; baseline -0.001 -18"><span class='ocrx_word' id='word_1_115' title='bbox 442 2152 510 2213; x_wconf 90' lang='lat' dir='ltr'><strong>tam</strong></span> <span class='ocrx_word' id='word_1_116' title='bbox 542 2146 666 2212; x_wconf 92' lang='lat' dir='ltr'><strong>nobiles</strong></span> <span class='ocrx_word' id='word_1_117' title='bbox 699 2165 796 2228; x_wconf 90' lang='lat' dir='ltr'><strong>quam</strong></span> <span class='ocrx_word' id='word_1_118' title='bbox 829 2145 982 2227; x_wconf 83' lang='lat' dir='ltr'><strong>ignobiles</strong></span> <span class='ocrx_word' id='word_1_119' title='bbox 1016 2149 1081 2209; x_wconf 90' lang='lat' dir='ltr'><strong>tam</strong></span> <span class='ocrx_word' id='word_1_120' title='bbox 1111 2164 1268 2227; x_wconf 86' lang='lat' dir='ltr'><strong>pauperes</strong></span> <span class='ocrx_word' id='word_1_121' title='bbox 1300 2166 1396 2229; x_wconf 87' lang='lat' dir='ltr'><strong>quarn</strong></span> <span class='ocrx_word' id='word_1_122' title='bbox 1428 2148 1540 2212; x_wconf 86' lang='lat' dir='ltr'><strong>divites</strong></span> <span class='ocrx_word' id='word_1_123' title='bbox 1569 2150 1600 2212; x_wconf 94' lang='lat' dir='ltr'><strong>in</strong></span> <span class='ocrx_word' id='word_1_124' title='bbox 1626 2150 1698 2231; x_wconf 91' lang='lat' dir='ltr'><strong>jure</strong></span> <span class='ocrx_word' id='word_1_125' title='bbox 1728 2169 1788 2213; x_wconf 90' lang='lat' dir='ltr'><strong>suo</strong></span> 
     </span>
     <span class='ocr_line' id='line_1_15' title="bbox 443 2254 1787 2340; baseline -0.001 -18"><span class='ocrx_word' id='word_1_126' title='bbox 443 2257 529 2322; x_wconf 91' lang='lat' dir='ltr'><strong>omni</strong></span> <span class='ocrx_word' id='word_1_127' title='bbox 552 2256 656 2321; x_wconf 92' lang='lat' dir='ltr'><strong>studio</strong></span> <span class='ocrx_word' id='word_1_128' title='bbox 678 2255 785 2319; x_wconf 85' lang='lat' dir='ltr'><strong>fovere</strong></span> <span class='ocrx_word' id='word_1_129' title='bbox 808 2258 839 2317; x_wconf 92' lang='lat' dir='ltr'><strong>et</strong></span> <span class='ocrx_word' id='word_1_130' title='bbox 861 2273 1050 2318; x_wconf 89' lang='lat' dir='ltr'><strong>conservare</strong></span> <span class='ocrx_word' id='word_1_131' title='bbox 1074 2254 1190 2318; x_wconf 88' lang='lat' dir='ltr'><strong>debeat</strong></span> <span class='ocrx_word' id='word_1_132' title='bbox 1221 2274 1280 2318; x_wconf 91' lang='lat' dir='ltr'><strong>nec</strong></span> <span class='ocrx_word' id='word_1_133' title='bbox 1312 2255 1378 2337; x_wconf 91' lang='lat' dir='ltr'><strong>ipse</strong></span> <span class='ocrx_word' id='word_1_134' title='bbox 1402 2275 1474 2320; x_wconf 90' lang='lat' dir='ltr'><strong>earn</strong></span> <span class='ocrx_word' id='word_1_135' title='bbox 1496 2257 1527 2320; x_wconf 95' lang='lat' dir='ltr'><strong>in</strong></span> <span class='ocrx_word' id='word_1_136' title='bbox 1550 2258 1657 2340; x_wconf 92' lang='lat' dir='ltr'><strong>aliquo</strong></span> <span class='ocrx_word' id='word_1_137' title='bbox 1679 2261 1787 2340; x_wconf 89' lang='lat' dir='ltr'><strong>preter</strong></span> 
     </span>
     <span class='ocr_line' id='line_1_16' title="bbox 443 2363 1787 2448; baseline 0.001 -19"><span class='ocrx_word' id='word_1_138' title='bbox 443 2365 586 2430; x_wconf 91' lang='lat' dir='ltr'><strong>debitum</strong></span> <span class='ocrx_word' id='word_1_139' title='bbox 615 2365 722 2430; x_wconf 88' lang='lat' dir='ltr'><strong>ledere</strong></span> <span class='ocrx_word' id='word_1_140' title='bbox 751 2365 784 2427; x_wconf 94' lang='lat' dir='ltr'><strong>in</strong></span> <span class='ocrx_word' id='word_1_141' title='bbox 812 2368 976 2445; x_wconf 87' lang='lat' dir='ltr'><strong>posterum</strong></span> <span class='ocrx_word' id='word_1_142' title='bbox 1007 2363 1056 2426; x_wconf 90' lang='lat' dir='ltr'><strong>vel</strong></span> <span class='ocrx_word' id='word_1_143' title='bbox 1086 2381 1219 2445; x_wconf 87' lang='lat' dir='ltr'><strong>gravare</strong></span> <span class='ocrx_word' id='word_1_144' title='bbox 1250 2365 1432 2430; x_wconf 84' lang='lat' dir='ltr'><strong>contendat.</strong></span> <span class='ocrx_word' id='word_1_145' title='bbox 1476 2365 1606 2430; x_wconf 87' lang='lat' dir='ltr'><strong>Addidit</strong></span> <span class='ocrx_word' id='word_1_146' title='bbox 1639 2370 1787 2448; x_wconf 90' lang='lat' dir='ltr'><strong>preterea</strong></span> 
     </span>
     <span class='ocr_line' id='line_1_17' title="bbox 443 2471 1787 2557; baseline 0.002 -20"><span class='ocrx_word' id='word_1_147' title='bbox 443 2474 531 2557; x_wconf 92' lang='lat' dir='ltr'><strong>quod</strong></span> <span class='ocrx_word' id='word_1_148' title='bbox 560 2471 709 2556; x_wconf 92' lang='lat' dir='ltr'><strong>quicquid</strong></span> <span class='ocrx_word' id='word_1_149' title='bbox 739 2472 807 2553; x_wconf 89' lang='lat' dir='ltr'><strong>ipse</strong></span> <span class='ocrx_word' id='word_1_150' title='bbox 838 2491 1030 2554; x_wconf 91' lang='lat' dir='ltr'><strong>quocunque</strong></span> <span class='ocrx_word' id='word_1_151' title='bbox 1058 2492 1135 2536; x_wconf 90' lang='lat' dir='ltr'><strong>casu</strong></span> <span class='ocrx_word' id='word_1_152' title='bbox 1163 2473 1309 2554; x_wconf 79' lang='lat' dir='ltr'><strong>exigente</strong></span> <span class='ocrx_word' id='word_1_153' title='bbox 1331 2473 1399 2537; x_wconf 90' lang='lat' dir='ltr'><strong>sine</strong></span> <span class='ocrx_word' id='word_1_154' title='bbox 1422 2493 1579 2538; x_wconf 90' lang='lat' dir='ltr'><strong>consensu</strong></span> <span class='ocrx_word' id='word_1_155' title='bbox 1603 2479 1634 2540; x_wconf 90' lang='lat' dir='ltr'><strong>et</strong></span> <span class='ocrx_word' id='word_1_156' title='bbox 1655 2475 1787 2540; x_wconf 91' lang='lat' dir='ltr'><strong>consilio</strong></span> 
     </span>
     <span class='ocr_line' id='line_1_18' title="bbox 442 2580 1787 2669; baseline 0.002 -23"><span class='ocrx_word' id='word_1_157' title='bbox 442 2582 573 2646; x_wconf 87' lang='lat' dir='ltr'><strong>ecclesie</strong></span> <span class='ocrx_word' id='word_1_158' title='bbox 603 2581 643 2646; x_wconf 93' lang='lat' dir='ltr'><strong>de</strong></span> <span class='ocrx_word' id='word_1_159' title='bbox 673 2582 766 2645; x_wconf 90' lang='lat' dir='ltr'><strong>bonis</strong></span> <span class='ocrx_word' id='word_1_160' title='bbox 796 2580 925 2645; x_wconf 88' lang='lat' dir='ltr'><strong>ecclesie</strong></span> <span class='ocrx_word' id='word_1_161' title='bbox 955 2581 1004 2644; x_wconf 88' lang='lat' dir='ltr'><strong>vel</strong></span> <span class='ocrx_word' id='word_1_162' title='bbox 1026 2581 1257 2663; x_wconf 84' lang='lat' dir='ltr'><strong>inpignorando</strong></span> <span class='ocrx_word' id='word_1_163' title='bbox 1278 2583 1364 2667; x_wconf 73' lang='lat' dir='ltr'><strong>veli)</strong></span> <span class='ocrx_word' id='word_1_164' title='bbox 1388 2583 1615 2669; x_wconf 73' lang='lat' dir='ltr'><strong>infeodando⁶l</strong></span> <span class='ocrx_word' id='word_1_165' title='bbox 1638 2585 1787 2649; x_wconf 89' lang='lat' dir='ltr'><strong>alienavit</strong></span> 
     </span>
     <span class='ocr_line' id='line_1_19' title="bbox 442 2688 1784 2773; baseline 0.003 -20"><span class='ocrx_word' id='word_1_166' title='bbox 442 2690 508 2753; x_wconf 89' lang='lat' dir='ltr'><strong>sive</strong></span> <span class='ocrx_word' id='word_1_167' title='bbox 529 2689 562 2753; x_wconf 95' lang='lat' dir='ltr'><strong>in</strong></span> <span class='ocrx_word' id='word_1_168' title='bbox 583 2688 758 2753; x_wconf 88' lang='lat' dir='ltr'><strong>redditibus</strong></span> <span class='ocrx_word' id='word_1_169' title='bbox 787 2689 922 2769; x_wconf 89' lang='lat' dir='ltr'><strong>propriis</strong></span> <span class='ocrx_word' id='word_1_170' title='bbox 953 2690 1018 2752; x_wconf 88' lang='lat' dir='ltr'><strong>sive</strong></span> <span class='ocrx_word' id='word_1_171' title='bbox 1044 2689 1077 2752; x_wconf 93' lang='lat' dir='ltr'><strong>in</strong></span> <span class='ocrx_word' id='word_1_172' title='bbox 1100 2690 1192 2753; x_wconf 93' lang='lat' dir='ltr'><strong>bonis</strong></span> <span class='ocrx_word' id='word_1_173' title='bbox 1214 2689 1465 2754; x_wconf 87' lang='lat' dir='ltr'><strong>ministerialium</strong></span> <span class='ocrx_word' id='word_1_174' title='bbox 1489 2691 1605 2773; x_wconf 91' lang='lat' dir='ltr'><strong>quein</strong></span> <span class='ocrx_word' id='word_1_175' title='bbox 1627 2693 1784 2757; x_wconf 84' lang='lat' dir='ltr'><strong>beneficio</strong></span> 
     </span>
     <span class='ocr_line' id='line_1_20' title="bbox 444 2795 1787 2880; baseline 0.003 -18"><span class='ocrx_word' id='word_1_176' title='bbox 444 2798 599 2864; x_wconf 87' lang='lat' dir='ltr'><strong>concessit</strong></span> <span class='ocrx_word' id='word_1_177' title='bbox 620 2795 789 2875; x_wconf 88' lang='lat' dir='ltr'><strong>nobilibus,</strong></span> <span class='ocrx_word' id='word_1_178' title='bbox 814 2814 876 2878; x_wconf 91' lang='lat' dir='ltr'><strong>que</strong></span> <span class='ocrx_word' id='word_1_179' title='bbox 898 2798 1007 2860; x_wconf 91' lang='lat' dir='ltr'><strong>tamen</strong></span> <span class='ocrx_word' id='word_1_180' title='bbox 1029 2817 1094 2861; x_wconf 93' lang='lat' dir='ltr'><strong>non</strong></span> <span class='ocrx_word' id='word_1_181' title='bbox 1112 2799 1171 2861; x_wconf 92' lang='lat' dir='ltr'><strong>nisi</strong></span> <span class='ocrx_word' id='word_1_182' title='bbox 1191 2798 1446 2864; x_wconf 87' lang='lat' dir='ltr'><strong>ministerialibus</strong></span> <span class='ocrx_word' id='word_1_183' title='bbox 1463 2801 1669 2865; x_wconf 88' lang='lat' dir='ltr'><strong>concedenda</strong></span> <span class='ocrx_word' id='word_1_184' title='bbox 1685 2804 1787 2880; x_wconf 88' lang='lat' dir='ltr'><strong>erant,</strong></span> 
     </span>
     <span class='ocr_line' id='line_1_21' title="bbox 443 2902 1787 2993; baseline 0.003 -23"><span class='ocrx_word' id='word_1_185' title='bbox 443 2925 500 2970; x_wconf 93' lang='lat' dir='ltr'><strong>seu</strong></span> <span class='ocrx_word' id='word_1_186' title='bbox 527 2904 721 2987; x_wconf 90' lang='lat' dir='ltr'><strong>ubicumque</strong></span> <span class='ocrx_word' id='word_1_187' title='bbox 752 2902 917 2967; x_wconf 89' lang='lat' dir='ltr'><strong>ecclesiam</strong></span> <span class='ocrx_word' id='word_1_188' title='bbox 948 2906 1085 2985; x_wconf 87' lang='lat' dir='ltr'><strong>graviter</strong></span> <span class='ocrx_word' id='word_1_189' title='bbox 1115 2905 1214 2970; x_wconf 89' lang='lat' dir='ltr'><strong>lesam</strong></span> <span class='ocrx_word' id='word_1_190' title='bbox 1246 2926 1316 2970; x_wconf 89' lang='lat' dir='ltr'><strong>esse</strong></span> <span class='ocrx_word' id='word_1_191' title='bbox 1346 2909 1538 2989; x_wconf 85' lang='lat' dir='ltr'><strong>cognoverit,</strong></span> <span class='ocrx_word' id='word_1_192' title='bbox 1568 2910 1594 2972; x_wconf 94' lang='lat' dir='ltr'><strong>si</strong></span> <span class='ocrx_word' id='word_1_193' title='bbox 1624 2928 1682 2992; x_wconf 92' lang='lat' dir='ltr'><strong>per</strong></span> <span class='ocrx_word' id='word_1_194' title='bbox 1707 2911 1787 2993; x_wconf 87' lang='lat' dir='ltr'><strong>juris</strong></span> 
     </span>
     <span class='ocr_line' id='line_1_22' title="bbox 444 3014 1786 3100; baseline 0.001 -21"><span class='ocrx_word' id='word_1_195' title='bbox 444 3015 586 3079; x_wconf 88' lang='lat' dir='ltr'><strong>ordinem</strong></span> <span class='ocrx_word' id='word_1_196' title='bbox 611 3016 642 3077; x_wconf 89' lang='lat' dir='ltr'><strong>et</strong></span> <span class='ocrx_word' id='word_1_197' title='bbox 660 3014 779 3095; x_wconf 91' lang='lat' dir='ltr'><strong>justam</strong></span> <span class='ocrx_word' id='word_1_198' title='bbox 799 3014 989 3076; x_wconf 88' lang='lat' dir='ltr'><strong>sententiam</strong></span> <span class='ocrx_word' id='word_1_199' title='bbox 1013 3015 1142 3078; x_wconf 89' lang='lat' dir='ltr'><strong>consilio</strong></span> <span class='ocrx_word' id='word_1_200' title='bbox 1165 3019 1196 3078; x_wconf 93' lang='lat' dir='ltr'><strong>et</strong></span> <span class='ocrx_word' id='word_1_201' title='bbox 1217 3015 1332 3080; x_wconf 89' lang='lat' dir='ltr'><strong>auxilio</strong></span> <span class='ocrx_word' id='word_1_202' title='bbox 1355 3015 1485 3080; x_wconf 89' lang='lat' dir='ltr'><strong>ecclesie</strong></span> <span class='ocrx_word' id='word_1_203' title='bbox 1506 3036 1655 3082; x_wconf 89' lang='lat' dir='ltr'><strong>revocare</strong></span> <span class='ocrx_word' id='word_1_204' title='bbox 1677 3019 1786 3100; x_wconf 86' lang='lat' dir='ltr'><strong>possit,</strong></span> 
     </span>
     <span class='ocr_line' id='line_1_23' title="bbox 443 3120 1785 3206; baseline 0.001 -19"><span class='ocrx_word' id='word_1_205' title='bbox 443 3124 580 3187; x_wconf 88' lang='lat' dir='ltr'><strong>revocet.</strong></span> <span class='ocrx_word' id='word_1_206' title='bbox 620 3120 675 3185; x_wconf 93' lang='lat' dir='ltr'><strong>Sin</strong></span> <span class='ocrx_word' id='word_1_207' title='bbox 697 3123 806 3184; x_wconf 90' lang='lat' dir='ltr'><strong>autem</strong></span> <span class='ocrx_word' id='word_1_208' title='bbox 828 3120 1004 3185; x_wconf 91' lang='lat' dir='ltr'><strong>secundum</strong></span> <span class='ocrx_word' id='word_1_209' title='bbox 1027 3139 1230 3185; x_wconf 89' lang='lat' dir='ltr'><strong>communem</strong></span> <span class='ocrx_word' id='word_1_210' title='bbox 1252 3120 1383 3186; x_wconf 90' lang='lat' dir='ltr'><strong>ecclesie</strong></span> <span class='ocrx_word' id='word_1_211' title='bbox 1405 3122 1637 3187; x_wconf 90' lang='lat' dir='ltr'><strong>ordinationem</strong></span> <span class='ocrx_word' id='word_1_212' title='bbox 1659 3128 1785 3206; x_wconf 90' lang='lat' dir='ltr'><strong>partem</strong></span> 
     </span>
     <span class='ocr_line' id='line_1_24' title="bbox 444 3228 1786 3311; baseline 0.001 -16"><span class='ocrx_word' id='word_1_213' title='bbox 444 3232 626 3297; x_wconf 88' lang='lat' dir='ltr'><strong>reddituum</strong></span> <span class='ocrx_word' id='word_1_214' title='bbox 649 3230 691 3294; x_wconf 91' lang='lat' dir='ltr'><strong>ad</strong></span> <span class='ocrx_word' id='word_1_215' title='bbox 713 3247 858 3292; x_wconf 89' lang='lat' dir='ltr'><strong>mensam</strong></span> <span class='ocrx_word' id='word_1_216' title='bbox 882 3228 1095 3310; x_wconf 89' lang='lat' dir='ltr'><strong>episcopalem</strong></span> <span class='ocrx_word' id='word_1_217' title='bbox 1121 3230 1347 3311; x_wconf 89' lang='lat' dir='ltr'><strong>pertinentium</strong></span> <span class='ocrx_word' id='word_1_218' title='bbox 1369 3231 1402 3293; x_wconf 92' lang='lat' dir='ltr'><strong>in</strong></span> <span class='ocrx_word' id='word_1_219' title='bbox 1422 3249 1538 3295; x_wconf 91' lang='lat' dir='ltr'><strong>manus</strong></span> <span class='ocrx_word' id='word_1_220' title='bbox 1560 3231 1786 3297; x_wconf 90' lang='lat' dir='ltr'><strong>canonicorum</strong></span> 
     </span>
     <span class='ocr_line' id='line_1_25' title="bbox 445 3337 1787 3421; baseline 0.003 -19"><span class='ocrx_word' id='word_1_221' title='bbox 445 3344 477 3404; x_wconf 89' lang='lat' dir='ltr'><strong>et</strong></span> <span class='ocrx_word' id='word_1_222' title='bbox 503 3337 753 3404; x_wconf 89' lang='lat' dir='ltr'><strong>ministerialium</strong></span> <span class='ocrx_word' id='word_1_223' title='bbox 786 3356 916 3401; x_wconf 89' lang='lat' dir='ltr'><strong>suorum</strong></span> <span class='ocrx_word' id='word_1_224' title='bbox 949 3338 1059 3419; x_wconf 89' lang='lat' dir='ltr'><strong>ponat,</strong></span> <span class='ocrx_word' id='word_1_225' title='bbox 1093 3337 1195 3401; x_wconf 91' lang='lat' dir='ltr'><strong>donec</strong></span> <span class='ocrx_word' id='word_1_226' title='bbox 1228 3338 1335 3402; x_wconf 87' lang='lat' dir='ltr'><strong>omnia</strong></span> <span class='ocrx_word' id='word_1_227' title='bbox 1368 3357 1430 3420; x_wconf 93' lang='lat' dir='ltr'><strong>que</strong></span> <span class='ocrx_word' id='word_1_228' title='bbox 1459 3339 1597 3404; x_wconf 89' lang='lat' dir='ltr'><strong>alienata</strong></span> <span class='ocrx_word' id='word_1_229' title='bbox 1627 3345 1711 3421; x_wconf 91' lang='lat' dir='ltr'><strong>sunt,</strong></span> <span class='ocrx_word' id='word_1_230' title='bbox 1745 3341 1787 3406; x_wconf 91' lang='lat' dir='ltr'><strong>ad</strong></span> 
     </span>
     <span class='ocr_line' id='line_1_26' title="bbox 445 3444 1788 3530; baseline 0.001 -18"><span class='ocrx_word' id='word_1_231' title='bbox 445 3447 611 3512; x_wconf 87' lang='lat' dir='ltr'><strong>ecclesiam</strong></span> <span class='ocrx_word' id='word_1_232' title='bbox 638 3447 839 3510; x_wconf 89' lang='lat' dir='ltr'><strong>revertantur</strong></span> <span class='ocrx_word' id='word_1_233' title='bbox 869 3446 900 3507; x_wconf 87' lang='lat' dir='ltr'><strong>et</strong></span> <span class='ocrx_word' id='word_1_234' title='bbox 931 3444 1017 3526; x_wconf 93' lang='lat' dir='ltr'><strong>quod</strong></span> <span class='ocrx_word' id='word_1_235' title='bbox 1047 3445 1081 3508; x_wconf 91' lang='lat' dir='ltr'><strong>in</strong></span> <span class='ocrx_word' id='word_1_236' title='bbox 1110 3449 1274 3527; x_wconf 89' lang='lat' dir='ltr'><strong>posterum</strong></span> <span class='ocrx_word' id='word_1_237' title='bbox 1297 3446 1366 3511; x_wconf 91' lang='lat' dir='ltr'><strong>sine</strong></span> <span class='ocrx_word' id='word_1_238' title='bbox 1388 3447 1518 3512; x_wconf 90' lang='lat' dir='ltr'><strong>consilio</strong></span> <span class='ocrx_word' id='word_1_239' title='bbox 1541 3448 1671 3530; x_wconf 78' lang='lat' dir='ltr'><strong>ecclesie</strong></span> <span class='ocrx_word' id='word_1_240' title='bbox 1693 3449 1788 3514; x_wconf 92' lang='lat' dir='ltr'><strong>nichil</strong></span> 
     </span>
     <span class='ocr_line' id='line_1_27' title="bbox 445 3552 1788 3639; baseline 0.002 -19"><span class='ocrx_word' id='word_1_241' title='bbox 445 3575 557 3622; x_wconf 90' lang='lat' dir='ltr'><strong>eorum</strong></span> <span class='ocrx_word' id='word_1_242' title='bbox 585 3557 617 3619; x_wconf 95' lang='lat' dir='ltr'><strong>in</strong></span> <span class='ocrx_word' id='word_1_243' title='bbox 649 3553 765 3637; x_wconf 91' lang='lat' dir='ltr'><strong>quibus</strong></span> <span class='ocrx_word' id='word_1_244' title='bbox 795 3552 862 3633; x_wconf 89' lang='lat' dir='ltr'><strong>ejus</strong></span> <span class='ocrx_word' id='word_1_245' title='bbox 892 3571 1067 3616; x_wconf 91' lang='lat' dir='ltr'><strong>consensus</strong></span> <span class='ocrx_word' id='word_1_246' title='bbox 1098 3554 1231 3635; x_wconf 82' lang='lat' dir='ltr'><strong>exigitur</strong></span> <span class='ocrx_word' id='word_1_247' title='bbox 1258 3556 1290 3617; x_wconf 89' lang='lat' dir='ltr'><strong>et</strong></span> <span class='ocrx_word' id='word_1_248' title='bbox 1319 3557 1432 3620; x_wconf 90' lang='lat' dir='ltr'><strong>merito</strong></span> <span class='ocrx_word' id='word_1_249' title='bbox 1453 3558 1663 3639; x_wconf 90' lang='lat' dir='ltr'><strong>requirendus</strong></span> <span class='ocrx_word' id='word_1_250' title='bbox 1686 3562 1735 3623; x_wconf 90' lang='lat' dir='ltr'><strong>est</strong></span> <span class='ocrx_word' id='word_1_251' title='bbox 1757 3563 1788 3622; x_wconf 90' lang='lat' dir='ltr'><strong>et</strong></span> 
     </span>
     <span class='ocr_line' id='line_1_28' title="bbox 444 3662 1787 3748; baseline 0.004 -20"><span class='ocrx_word' id='word_1_252' title='bbox 444 3667 477 3729; x_wconf 91' lang='lat' dir='ltr'><strong>in</strong></span> <span class='ocrx_word' id='word_1_253' title='bbox 512 3665 626 3748; x_wconf 90' lang='lat' dir='ltr'><strong>quibus</strong></span> <span class='ocrx_word' id='word_1_254' title='bbox 660 3662 791 3727; x_wconf 88' lang='lat' dir='ltr'><strong>ecclesia</strong></span> <span class='ocrx_word' id='word_1_255' title='bbox 824 3662 996 3726; x_wconf 88' lang='lat' dir='ltr'><strong>enormiter</strong></span> <span class='ocrx_word' id='word_1_256' title='bbox 1028 3662 1090 3727; x_wconf 92' lang='lat' dir='ltr'><strong>ledi</strong></span> <span class='ocrx_word' id='word_1_257' title='bbox 1119 3666 1234 3745; x_wconf 91' lang='lat' dir='ltr'><strong>potest,</strong></span> <span class='ocrx_word' id='word_1_258' title='bbox 1268 3663 1469 3746; x_wconf 88' lang='lat' dir='ltr'><strong>aliquatenus</strong></span> <span class='ocrx_word' id='word_1_259' title='bbox 1500 3666 1616 3730; x_wconf 88' lang='lat' dir='ltr'><strong>debeat</strong></span> <span class='ocrx_word' id='word_1_260' title='bbox 1638 3667 1787 3733; x_wconf 89' lang='lat' dir='ltr'><strong>alienare.</strong></span> 
     </span>
     <span class='ocr_line' id='line_1_29' title="bbox 444 3768 1788 3858; baseline 0.003 -22"><span class='ocrx_word' id='word_1_261' title='bbox 444 3772 592 3838; x_wconf 90' lang='lat' dir='ltr'><strong>Promisit</strong></span> <span class='ocrx_word' id='word_1_262' title='bbox 614 3771 708 3835; x_wconf 90' lang='lat' dir='ltr'><strong>etiam</strong></span> <span class='ocrx_word' id='word_1_263' title='bbox 732 3768 863 3850; x_wconf 77' lang='lat' dir='ltr'><strong>ecclesia</strong></span> <span class='ocrx_word' id='word_1_264' title='bbox 886 3770 1105 3834; x_wconf 88' lang='lat' dir='ltr'><strong>universaliter</strong></span> <span class='ocrx_word' id='word_1_265' title='bbox 1126 3774 1192 3835; x_wconf 89' lang='lat' dir='ltr'><strong>lam</strong></span> <span class='ocrx_word' id='word_1_266' title='bbox 1215 3770 1315 3835; x_wconf 90' lang='lat' dir='ltr'><strong>clerici</strong></span> <span class='ocrx_word' id='word_1_267' title='bbox 1333 3790 1428 3854; x_wconf 90' lang='lat' dir='ltr'><strong>quam</strong></span> <span class='ocrx_word' id='word_1_268' title='bbox 1448 3772 1677 3852; x_wconf 89' lang='lat' dir='ltr'><strong>ministeriales,</strong></span> <span class='ocrx_word' id='word_1_269' title='bbox 1702 3776 1788 3858; x_wconf 92' lang='lat' dir='ltr'><strong>quod</strong></span> 
     </span>
     <span class='ocr_line' id='line_1_30' title="bbox 444 3879 1788 3964; baseline 0.001 -18"><span class='ocrx_word' id='word_1_270' title='bbox 444 3881 504 3964; x_wconf 93' lang='lat' dir='ltr'><strong>ipsi</strong></span> <span class='ocrx_word' id='word_1_271' title='bbox 526 3881 690 3946; x_wconf 90' lang='lat' dir='ltr'><strong>dominum</strong></span> <span class='ocrx_word' id='word_1_272' title='bbox 713 3898 808 3943; x_wconf 85' lang='lat' dir='ltr'><strong>suurn</strong></span> <span class='ocrx_word' id='word_1_273' title='bbox 831 3880 1015 3962; x_wconf 89' lang='lat' dir='ltr'><strong>episcopum</strong></span> <span class='ocrx_word' id='word_1_274' title='bbox 1037 3879 1069 3942; x_wconf 91' lang='lat' dir='ltr'><strong>in</strong></span> <span class='ocrx_word' id='word_1_275' title='bbox 1092 3880 1179 3943; x_wconf 91' lang='lat' dir='ltr'><strong>omni</strong></span> <span class='ocrx_word' id='word_1_276' title='bbox 1201 3880 1369 3944; x_wconf 88' lang='lat' dir='ltr'><strong>devotione</strong></span> <span class='ocrx_word' id='word_1_277' title='bbox 1391 3880 1530 3944; x_wconf 91' lang='lat' dir='ltr'><strong>inomni</strong></span> <span class='ocrx_word' id='word_1_278' title='bbox 1552 3900 1617 3963; x_wconf 85' lang='lat' dir='ltr'><strong>qua</strong></span> <span class='ocrx_word' id='word_1_279' title='bbox 1638 3884 1788 3947; x_wconf 88' lang='lat' dir='ltr'><strong>tenentur</strong></span> 
     </span>
     <span class='ocr_line' id='line_1_31' title="bbox 445 3987 1788 4074; baseline 0 -19"><span class='ocrx_word' id='word_1_280' title='bbox 445 3990 624 4055; x_wconf 89' lang='lat' dir='ltr'><strong>reverentia</strong></span> <span class='ocrx_word' id='word_1_281' title='bbox 645 3987 821 4052; x_wconf 90' lang='lat' dir='ltr'><strong>voluntarie</strong></span> <span class='ocrx_word' id='word_1_282' title='bbox 852 3992 883 4051; x_wconf 89' lang='lat' dir='ltr'><strong>et</strong></span> <span class='ocrx_word' id='word_1_283' title='bbox 913 3988 1085 4052; x_wconf 84' lang='lat' dir='ltr'><strong>affectuose</strong></span> <span class='ocrx_word' id='word_1_284' title='bbox 1119 3988 1278 4052; x_wconf 90' lang='lat' dir='ltr'><strong>honorent</strong></span> <span class='ocrx_word' id='word_1_285' title='bbox 1308 3992 1340 4051; x_wconf 93' lang='lat' dir='ltr'><strong>et</strong></span> <span class='ocrx_word' id='word_1_286' title='bbox 1366 3989 1394 4051; x_wconf 91' lang='lat' dir='ltr'><strong>ei</strong></span> <span class='ocrx_word' id='word_1_287' title='bbox 1415 3989 1448 4051; x_wconf 93' lang='lat' dir='ltr'><strong>in</strong></span> <span class='ocrx_word' id='word_1_288' title='bbox 1476 3991 1697 4055; x_wconf 91' lang='lat' dir='ltr'><strong>conservando</strong></span> <span class='ocrx_word' id='word_1_289' title='bbox 1716 3993 1788 4074; x_wconf 80' lang='lat' dir='ltr'><strong>J&#39;ure</strong></span> 
     </span>
     <span class='ocr_line' id='line_1_32' title="bbox 446 4096 1791 4164; baseline 0.001 -1"><span class='ocrx_word' id='word_1_290' title='bbox 446 4101 478 4162; x_wconf 90' lang='lat' dir='ltr'><strong>et</strong></span> <span class='ocrx_word' id='word_1_291' title='bbox 501 4097 631 4163; x_wconf 88' lang='lat' dir='ltr'><strong>ecclesie</strong></span> <span class='ocrx_word' id='word_1_292' title='bbox 655 4101 686 4161; x_wconf 93' lang='lat' dir='ltr'><strong>et</strong></span> <span class='ocrx_word' id='word_1_293' title='bbox 707 4117 766 4161; x_wconf 92' lang='lat' dir='ltr'><strong>suo</strong></span> <span class='ocrx_word' id='word_1_294' title='bbox 789 4096 821 4160; x_wconf 93' lang='lat' dir='ltr'><strong>in</strong></span> <span class='ocrx_word' id='word_1_295' title='bbox 842 4098 990 4161; x_wconf 92' lang='lat' dir='ltr'><strong>omnibus</strong></span> <span class='ocrx_word' id='word_1_296' title='bbox 1013 4116 1125 4160; x_wconf 93' lang='lat' dir='ltr'><strong>omnes</strong></span> <span class='ocrx_word' id='word_1_297' title='bbox 1147 4096 1340 4161; x_wconf 89' lang='lat' dir='ltr'><strong>unanimiter</strong></span> <span class='ocrx_word' id='word_1_298' title='bbox 1367 4099 1399 4160; x_wconf 89' lang='lat' dir='ltr'><strong>et</strong></span> <span class='ocrx_word' id='word_1_299' title='bbox 1421 4097 1618 4162; x_wconf 83' lang='lat' dir='ltr'><strong>confidenter</strong></span> <span class='ocrx_word' id='word_1_300' title='bbox 1639 4100 1791 4164; x_wconf 88' lang='lat' dir='ltr'><strong>assistant</strong></span> 
     </span>
     <span class='ocr_line' id='line_1_33' title="bbox 446 4203 1788 4289; baseline 0.001 -19"><span class='ocrx_word' id='word_1_301' title='bbox 446 4208 478 4270; x_wconf 91' lang='lat' dir='ltr'><strong>et</strong></span> <span class='ocrx_word' id='word_1_302' title='bbox 499 4225 686 4270; x_wconf 89' lang='lat' dir='ltr'><strong>communes</strong></span> <span class='ocrx_word' id='word_1_303' title='bbox 709 4205 839 4270; x_wconf 90' lang='lat' dir='ltr'><strong>ecclesie</strong></span> <span class='ocrx_word' id='word_1_304' title='bbox 860 4204 990 4286; x_wconf 88' lang='lat' dir='ltr'><strong>injurias</strong></span> <span class='ocrx_word' id='word_1_305' title='bbox 1012 4205 1174 4268; x_wconf 92' lang='lat' dir='ltr'><strong>communi</strong></span> <span class='ocrx_word' id='word_1_306' title='bbox 1196 4204 1360 4287; x_wconf 89' lang='lat' dir='ltr'><strong>proposito</strong></span> <span class='ocrx_word' id='word_1_307' title='bbox 1370 4203 1397 4289; x_wconf 83' lang='lat'><strong>⁷)</strong></span> <span class='ocrx_word' id='word_1_308' title='bbox 1420 4207 1452 4268; x_wconf 94' lang='lat' dir='ltr'><strong>et</strong></span> <span class='ocrx_word' id='word_1_309' title='bbox 1474 4204 1656 4270; x_wconf 85' lang='lat' dir='ltr'><strong>fortitudine</strong></span> <span class='ocrx_word' id='word_1_310' title='bbox 1678 4225 1788 4272; x_wconf 90' lang='lat' dir='ltr'><strong>secum</strong></span> 
     </span>
     <span class='ocr_line' id='line_1_34' title="bbox 445 4310 1790 4396; baseline 0.003 -19"><span class='ocrx_word' id='word_1_311' title='bbox 445 4313 660 4379; x_wconf 89' lang='lat' dir='ltr'><strong>indesinenter</strong></span> <span class='ocrx_word' id='word_1_312' title='bbox 690 4312 885 4396; x_wconf 91' lang='lat' dir='ltr'><strong>propulsent.</strong></span> <span class='ocrx_word' id='word_1_313' title='bbox 930 4310 998 4375; x_wconf 91' lang='lat' dir='ltr'><strong>Hoc</strong></span> <span class='ocrx_word' id='word_1_314' title='bbox 1028 4317 1174 4394; x_wconf 89' lang='lat' dir='ltr'><strong>preterea</strong></span> <span class='ocrx_word' id='word_1_315' title='bbox 1202 4313 1409 4391; x_wconf 85' lang='lat' dir='ltr'><strong>condiximus,</strong></span> <span class='ocrx_word' id='word_1_316' title='bbox 1443 4317 1477 4377; x_wconf 92' lang='lat' dir='ltr'><strong>ut</strong></span> <span class='ocrx_word' id='word_1_317' title='bbox 1506 4314 1532 4377; x_wconf 92' lang='lat' dir='ltr'><strong>si</strong></span> <span class='ocrx_word' id='word_1_318' title='bbox 1561 4314 1610 4378; x_wconf 91' lang='lat' dir='ltr'><strong>vel</strong></span> <span class='ocrx_word' id='word_1_319' title='bbox 1641 4315 1790 4381; x_wconf 90' lang='lat' dir='ltr'><strong>dominus</strong></span> 
     </span>
     <span class='ocr_line' id='line_1_35' title="bbox 446 4419 1790 4504; baseline 0.004 -20"><span class='ocrx_word' id='word_1_320' title='bbox 446 4421 614 4504; x_wconf 86' lang='lat' dir='ltr'><strong>episcopus</strong></span> <span class='ocrx_word' id='word_1_321' title='bbox 636 4421 686 4485; x_wconf 91' lang='lat' dir='ltr'><strong>vel</strong></span> <span class='ocrx_word' id='word_1_322' title='bbox 708 4420 849 4500; x_wconf 79' lang='lat' dir='ltr'><strong>eeclesia,</strong></span> <span class='ocrx_word' id='word_1_323' title='bbox 873 4420 959 4501; x_wconf 91' lang='lat' dir='ltr'><strong>quod</strong></span> <span class='ocrx_word' id='word_1_324' title='bbox 974 4419 1060 4483; x_wconf 89' lang='lat' dir='ltr'><strong>Deus</strong></span> <span class='ocrx_word' id='word_1_325' title='bbox 1083 4423 1215 4499; x_wconf 87' lang='lat' dir='ltr'><strong>avertat,</strong></span> <span class='ocrx_word' id='word_1_326' title='bbox 1238 4425 1270 4484; x_wconf 92' lang='lat' dir='ltr'><strong>et</strong></span> <span class='ocrx_word' id='word_1_327' title='bbox 1292 4422 1377 4503; x_wconf 87' lang='lat' dir='ltr'><strong>quod</strong></span> <span class='ocrx_word' id='word_1_328' title='bbox 1400 4440 1466 4486; x_wconf 95' lang='lat' dir='ltr'><strong>non</strong></span> <span class='ocrx_word' id='word_1_329' title='bbox 1488 4441 1655 4504; x_wconf 90' lang='lat' dir='ltr'><strong>speramus</strong></span> <span class='ocrx_word' id='word_1_330' title='bbox 1678 4428 1790 4489; x_wconf 88' lang='lat' dir='ltr'><strong>contra</strong></span> 
     </span>
     <span class='ocr_line' id='line_1_36' title="bbox 445 4528 1789 4613; baseline 0.004 -21"><span class='ocrx_word' id='word_1_331' title='bbox 445 4529 478 4594; x_wconf 95' lang='lat' dir='ltr'><strong>id</strong></span> <span class='ocrx_word' id='word_1_332' title='bbox 511 4530 597 4613; x_wconf 93' lang='lat' dir='ltr'><strong>quod</strong></span> <span class='ocrx_word' id='word_1_333' title='bbox 630 4528 811 4592; x_wconf 90' lang='lat' dir='ltr'><strong>condictum</strong></span> <span class='ocrx_word' id='word_1_334' title='bbox 845 4529 894 4590; x_wconf 92' lang='lat' dir='ltr'><strong>est</strong></span> <span class='ocrx_word' id='word_1_335' title='bbox 925 4528 1161 4609; x_wconf 89' lang='lat' dir='ltr'><strong>attemptaverit</strong></span> <span class='ocrx_word' id='word_1_336' title='bbox 1193 4529 1310 4606; x_wconf 90' lang='lat' dir='ltr'><strong>venire,</strong></span> <span class='ocrx_word' id='word_1_337' title='bbox 1351 4529 1433 4593; x_wconf 85' lang='lat' dir='ltr'><strong>inira</strong></span> <span class='ocrx_word' id='word_1_338' title='bbox 1465 4528 1505 4591; x_wconf 90' lang='lat' dir='ltr'><strong>Vl</strong></span> <span class='ocrx_word' id='word_1_339' title='bbox 1538 4531 1789 4611; x_wconf 88' lang='lat' dir='ltr'><strong>septimanarum</strong></span> 
     </span>
     <span class='ocr_line' id='line_1_37' title="bbox 445 4635 1791 4718; baseline 0.004 -18"><span class='ocrx_word' id='word_1_340' title='bbox 445 4635 588 4718; x_wconf 89' lang='lat' dir='ltr'><strong>spacium</strong></span> <span class='ocrx_word' id='word_1_341' title='bbox 610 4635 794 4700; x_wconf 86' lang='lat' dir='ltr'><strong>anricabiter</strong></span> <span class='ocrx_word' id='word_1_342' title='bbox 816 4636 1022 4700; x_wconf 90' lang='lat' dir='ltr'><strong>conveniatur</strong></span> <span class='ocrx_word' id='word_1_343' title='bbox 1045 4640 1076 4699; x_wconf 93' lang='lat' dir='ltr'><strong>et</strong></span> <span class='ocrx_word' id='word_1_344' title='bbox 1098 4637 1123 4700; x_wconf 93' lang='lat' dir='ltr'><strong>si</strong></span> <span class='ocrx_word' id='word_1_345' title='bbox 1145 4637 1186 4702; x_wconf 87' lang='lat' dir='ltr'><strong>ad</strong></span> <span class='ocrx_word' id='word_1_346' title='bbox 1209 4637 1304 4702; x_wconf 88' lang='lat' dir='ltr'><strong>talem</strong></span> <span class='ocrx_word' id='word_1_347' title='bbox 1325 4637 1606 4702; x_wconf 91' lang='lat' dir='ltr'><strong>commonitionem</strong></span> <span class='ocrx_word' id='word_1_348' title='bbox 1630 4640 1791 4706; x_wconf 91' lang='lat' dir='ltr'><strong>noluerint</strong></span> 
     </span>
     <span class='ocr_line' id='line_1_38' title="bbox 445 4743 1788 4833; baseline 0.004 -25"><span class='ocrx_word' id='word_1_349' title='bbox 445 4745 550 4810; x_wconf 90' lang='lat' dir='ltr'><strong>redire</strong></span> <span class='ocrx_word' id='word_1_350' title='bbox 571 4749 644 4827; x_wconf 89' lang='lat' dir='ltr'><strong>post</strong></span> <span class='ocrx_word' id='word_1_351' title='bbox 665 4743 796 4826; x_wconf 89' lang='lat' dir='ltr'><strong>predicti</strong></span> <span class='ocrx_word' id='word_1_352' title='bbox 819 4745 970 4826; x_wconf 91' lang='lat' dir='ltr'><strong>temporis</strong></span> <span class='ocrx_word' id='word_1_353' title='bbox 993 4744 1137 4827; x_wconf 86' lang='lat' dir='ltr'><strong>spacium</strong></span> <span class='ocrx_word' id='word_1_354' title='bbox 1159 4765 1266 4810; x_wconf 90' lang='lat' dir='ltr'><strong>coram</strong></span> <span class='ocrx_word' id='word_1_355' title='bbox 1290 4745 1512 4833; x_wconf 83' lang='lat' dir='ltr'><strong>Coloniense⁸)</strong></span> <span class='ocrx_word' id='word_1_356' title='bbox 1535 4748 1668 4812; x_wconf 88' lang='lat' dir='ltr'><strong>ecclesia</strong></span> <span class='ocrx_word' id='word_1_357' title='bbox 1691 4768 1788 4833; x_wconf 88' lang='lat' dir='ltr'><strong>quam</strong></span> 
     </span>
     <span class='ocr_line' id='line_1_39' title="bbox 446 4850 1790 4940; baseline 0.007 -27"><span class='ocrx_word' id='word_1_358' title='bbox 446 4850 617 4933; x_wconf 82' lang='lat' dir='ltr'><strong>benignam</strong></span> <span class='ocrx_word' id='word_1_359' title='bbox 647 4852 730 4915; x_wconf 87' lang='lat' dir='ltr'><strong>circa</strong></span> <span class='ocrx_word' id='word_1_360' title='bbox 760 4870 819 4914; x_wconf 89' lang='lat' dir='ltr'><strong>nos</strong></span> <span class='ocrx_word' id='word_1_361' title='bbox 848 4853 1077 4934; x_wconf 89' lang='lat' dir='ltr'><strong>compassionis</strong></span> <span class='ocrx_word' id='word_1_362' title='bbox 1106 4856 1138 4916; x_wconf 89' lang='lat' dir='ltr'><strong>et</strong></span> <span class='ocrx_word' id='word_1_363' title='bbox 1167 4854 1292 4935; x_wconf 88' lang='lat' dir='ltr'><strong>pietatis</strong></span> <span class='ocrx_word' id='word_1_364' title='bbox 1321 4854 1442 4919; x_wconf 89' lang='lat' dir='ltr'><strong>viscera</strong></span> <span class='ocrx_word' id='word_1_365' title='bbox 1464 4855 1638 4920; x_wconf 88' lang='lat' dir='ltr'><strong>habentem</strong></span> <span class='ocrx_word' id='word_1_366' title='bbox 1661 4876 1790 4940; x_wconf 89' lang='lat' dir='ltr'><strong>semper</strong></span> 
     </span>
     <span class='ocr_line' id='line_1_40' title="bbox 446 4958 1790 5042; baseline 0.007 -21"><span class='ocrx_word' id='word_1_367' title='bbox 446 4958 625 5022; x_wconf 91' lang='lat' dir='ltr'><strong>invenimus</strong></span> <span class='ocrx_word' id='word_1_368' title='bbox 649 4962 680 5022; x_wconf 90' lang='lat' dir='ltr'><strong>et</strong></span> <span class='ocrx_word' id='word_1_369' title='bbox 697 4958 738 5022; x_wconf 91' lang='lat' dir='ltr'><strong>ad</strong></span> <span class='ocrx_word' id='word_1_370' title='bbox 756 4977 852 5039; x_wconf 87' lang='lat' dir='ltr'><strong>quarn</strong></span> <span class='ocrx_word' id='word_1_371' title='bbox 870 4960 982 5024; x_wconf 92' lang='lat' dir='ltr'><strong>merito</strong></span> <span class='ocrx_word' id='word_1_372' title='bbox 998 4962 1165 5042; x_wconf 88' lang='lat' dir='ltr'><strong>tamquam</strong></span> <span class='ocrx_word' id='word_1_373' title='bbox 1181 4962 1223 5025; x_wconf 89' lang='lat' dir='ltr'><strong>ad</strong></span> <span class='ocrx_word' id='word_1_374' title='bbox 1238 4962 1461 5026; x_wconf 89' lang='lat' dir='ltr'><strong>consolationis</strong></span> <span class='ocrx_word' id='word_1_375' title='bbox 1477 4967 1612 5028; x_wconf 88' lang='lat' dir='ltr'><strong>matrem</strong></span> <span class='ocrx_word' id='word_1_376' title='bbox 1635 4963 1790 5031; x_wconf 90' lang='lat' dir='ltr'><strong>debemus</strong></span> 
     </span>
     <span class='ocr_line' id='line_1_41' title="bbox 447 5067 1789 5158; baseline 0.007 -28"><span class='ocrx_word' id='word_1_377' title='bbox 447 5086 609 5132; x_wconf 88' lang='lat' dir='ltr'><strong>recurrere</strong></span> <span class='ocrx_word' id='word_1_378' title='bbox 631 5067 858 5132; x_wconf 89' lang='lat' dir='ltr'><strong>conveniamus</strong></span> <span class='ocrx_word' id='word_1_379' title='bbox 886 5072 922 5132; x_wconf 92' lang='lat' dir='ltr'><strong>ut</strong></span> <span class='ocrx_word' id='word_1_380' title='bbox 942 5067 1011 5150; x_wconf 92' lang='lat' dir='ltr'><strong>ipsa</strong></span> <span class='ocrx_word' id='word_1_381' title='bbox 1034 5069 1061 5131; x_wconf 85' lang='lat' dir='ltr'><strong>ei</strong></span> <span class='ocrx_word' id='word_1_382' title='bbox 1084 5070 1167 5150; x_wconf 88' lang='lat' dir='ltr'><strong>parti</strong></span> <span class='ocrx_word' id='word_1_383' title='bbox 1190 5089 1286 5152; x_wconf 88' lang='lat' dir='ltr'><strong>quam</strong></span> <span class='ocrx_word' id='word_1_384' title='bbox 1304 5072 1472 5153; x_wconf 81' lang='lat' dir='ltr'><strong>J’ustiorem</strong></span> <span class='ocrx_word' id='word_1_385' title='bbox 1495 5075 1526 5136; x_wconf 89' lang='lat' dir='ltr'><strong>et</strong></span> <span class='ocrx_word' id='word_1_386' title='bbox 1548 5073 1649 5155; x_wconf 85' lang='lat' dir='ltr'><strong>magis</strong></span> <span class='ocrx_word' id='word_1_387' title='bbox 1672 5093 1789 5158; x_wconf 90' lang='lat' dir='ltr'><strong>cquarn</strong></span> 
     </span>
     <span class='ocr_line' id='line_1_42' title="bbox 446 5173 1791 5263; baseline 0.007 -25"><span class='ocrx_word' id='word_1_388' title='bbox 446 5175 603 5238; x_wconf 87' lang='lat' dir='ltr'><strong>invenerit</strong></span> <span class='ocrx_word' id='word_1_389' title='bbox 629 5193 664 5238; x_wconf 92' lang='lat' dir='ltr'><strong>se</strong></span> <span class='ocrx_word' id='word_1_390' title='bbox 699 5173 830 5239; x_wconf 83' lang='lat' dir='ltr'><strong>acclinat</strong></span> <span class='ocrx_word' id='word_1_391' title='bbox 860 5177 892 5238; x_wconf 89' lang='lat' dir='ltr'><strong>et</strong></span> <span class='ocrx_word' id='word_1_392' title='bbox 919 5194 957 5240; x_wconf 92' lang='lat' dir='ltr'><strong>ea</strong></span> <span class='ocrx_word' id='word_1_393' title='bbox 988 5196 1064 5258; x_wconf 87' lang='lat' dir='ltr'><strong>pars</strong></span> <span class='ocrx_word' id='word_1_394' title='bbox 1092 5196 1155 5260; x_wconf 89' lang='lat' dir='ltr'><strong>que</strong></span> <span class='ocrx_word' id='word_1_395' title='bbox 1178 5179 1246 5261; x_wconf 90' lang='lat' dir='ltr'><strong>ejus</strong></span> <span class='ocrx_word' id='word_1_396' title='bbox 1268 5179 1397 5243; x_wconf 92' lang='lat' dir='ltr'><strong>consilio</strong></span> <span class='ocrx_word' id='word_1_397' title='bbox 1416 5181 1503 5263; x_wconf 86' lang='lat' dir='ltr'><strong>justo</strong></span> <span class='ocrx_word' id='word_1_398' title='bbox 1525 5183 1657 5263; x_wconf 89' lang='lat' dir='ltr'><strong>propter</strong></span> <span class='ocrx_word' id='word_1_399' title='bbox 1678 5187 1791 5248; x_wconf 92' lang='lat' dir='ltr'><strong>contu·</strong></span> 
     </span>
     <span class='ocr_line' id='line_1_43' title="bbox 448 5281 1790 5372; baseline 0.008 -25"><span class='ocrx_word' id='word_1_400' title='bbox 448 5283 579 5348; x_wconf 89' lang='lat' dir='ltr'><strong>matiam</strong></span> <span class='ocrx_word' id='word_1_401' title='bbox 601 5285 634 5347; x_wconf 87' lang='lat' dir='ltr'><strong>ct</strong></span> <span class='ocrx_word' id='word_1_402' title='bbox 655 5281 862 5365; x_wconf 87' lang='lat' dir='ltr'><strong>pertinaciam</strong></span> <span class='ocrx_word' id='word_1_403' title='bbox 885 5284 999 5366; x_wconf 79' lang='lat' dir='ltr'><strong>inJ&#39;uste</strong></span> <span class='ocrx_word' id='word_1_404' title='bbox 1022 5285 1158 5351; x_wconf 88' lang='lat' dir='ltr'><strong>noluerit</strong></span> <span class='ocrx_word' id='word_1_405' title='bbox 1180 5288 1332 5351; x_wconf 88' lang='lat' dir='ltr'><strong>assentire</strong></span> <span class='ocrx_word' id='word_1_406' title='bbox 1353 5290 1456 5371; x_wconf 91' lang='lat' dir='ltr'><strong>ipsam</strong></span> <span class='ocrx_word' id='word_1_407' title='bbox 1480 5294 1590 5355; x_wconf 89' lang='lat' dir='ltr'><strong>contra</strong></span> <span class='ocrx_word' id='word_1_408' title='bbox 1606 5309 1641 5354; x_wconf 92' lang='lat' dir='ltr'><strong>se</strong></span> <span class='ocrx_word' id='word_1_409' title='bbox 1660 5311 1790 5372; x_wconf 85' lang='lat' dir='ltr'><strong>gravem</strong></span> 
     </span>
    </p>
   </div>
   <div class='ocr_carea' id='block_1_3' title="bbox 0 0 2134 6100">
    <p class='ocr_par' dir='ltr' id='par_1_3' title="bbox 0 0 2134 6100">
     <span class='ocr_line' id='line_1_44' title="bbox 0 0 2134 6100; baseline 0 0"><span class='ocrx_word' id='word_1_410' title='bbox 0 0 2134 6100; x_wconf 95' lang='lat' dir='ltr'><strong> </strong></span> 
     </span>
    </p>
   </div>
  </div>
 </body>
</html>
