4250 6109
450 661 489 726 16
1088 672 1155 729 1204

446 839 684 924 prenominatos
705 835 815 901 fideles
842 839 874 900 et
898 835 1004 918 ipsum
1025 835 1187 901 Eilardum
1210 839 1242 901 et
1263 837 1431 920 conjugem
1454 837 1522 920 ejus
1544 835 1738 901 Hellenborc
1762 839 1796 900 et

446 947 617 1012 Hillewant
637 947 774 1010 matrem
796 945 864 1028 ejus
891 948 922 1008 et
942 944 1102 1008 bonomm
1123 944 1247 1009 illorum
1270 963 1470 1010 successores
1492 945 1657 1009 universos
1678 943 1796 1008 irater·

446 1054 545 1119 nitate
567 1056 599 1118 et
620 1051 815 1118 orationibus
836 1052 1020 1134 prenotatis.
1039 1051 1106 1115 Nos
1124 1052 1217 1135 igilur
1231 1053 1415 1136 hujusmodi
1431 1056 1629 1118 contractum
1650 1051 1793 1117 stabilire

446 1162 596 1247 postulati
625 1163 728 1244 ipsum
758 1179 800 1224 ne
825 1160 857 1224 in
886 1164 1050 1244 posterum
1081 1161 1220 1227 refricari
1241 1163 1346 1227 valeat
1367 1166 1424 1227 aut
1445 1162 1578 1228 convelli
1600 1162 1705 1228 officio
1728 1161 1794 1227 stili

446 1272 535 1336 sicud
564 1269 637 1336 licet
662 1269 730 1335 fieri
752 1272 784 1333 et
806 1256 887 1333 solet
908 1269 1082 1334 solidamus
1104 1273 1202 1335 testes
1224 1291 1297 1336 cum
1319 1271 1408 1353 sigilli
1429 1271 1530 1336 nostri
1551 1271 1793 1337 subscribentes

447 1378 653 1464 appensione.
697 1376 758 1455 Qui
781 1380 870 1441 sunt:
896 1377 972 1442 Otto
993 1375 1251 1442 Monasteriensis
1275 1378 1402 1457 electus,
1435 1377 1603 1444 Conradus
1624 1378 1728 1443 abbas
1752 1378 1795 1443 de

447 1488 585 1568 Yborch,
622 1485 833 1569 Lentlrigidus
871 1487 973 1569 major
1009 1487 1199 1569 prepositus,
1237 1486 1455 1552 Theodericus
1495 1488 1598 1571 major
1631 1487 1794 1565 decanus;

448 1597 590 1663 canonici
623 1593 754 1660 ecclesie
786 1594 927 1677 majoris:
965 1593 1192 1674 Theodericus,
1229 1595 1373 1675 Adollus,
1410 1595 1596 1674 Florentius,
1634 1594 1794 1675 Hinricus,

447 1705 619 1783 lohannes,
641 1704 802 1781 Albertus,
825 1700 1003 1783 Bertoldus,
1026 1704 1204 1788 Dyonisius,
1225 1704 1476 1783 Werernbertus,
1498 1703 1674 1782 Arnoldus;
1697 1704 1794 1769 mini·

447 1815 605 1881 steriales:
638 1813 789 1878 Albertus
821 1813 965 1895 Rogghe,
1003 1813 1097 1896 Hugo
1126 1814 1217 1893 Bere,
1254 1812 1374 1896 Joseph
1407 1813 1447 1878 de
1479 1813 1643 1892 Sledesen,
1676 1813 1793 1879 fratres

448 1925 517 2007 ejus
538 1922 708 1987 Zwedems
730 1921 869 2001 Wezelo,
897 1922 1080 2004 Wigbertus
1102 1922 1252 2007 Leytbur,
1279 1922 1468 1987 Ambrosius
1489 1922 1669 2002 Petenate,
1691 1922 1794 1988 Ever-

447 2031 607 2116 bar·dus,⁶)
629 2029 743 2115 Udo,⁷)
765 2029 937 2109 lohannes,
959 2029 1141 2107 Bertoldus;
1169 2030 1336 2096 Conradus
1358 2030 1398 2094 de
1420 2028 1596 2111 Harsdorp,
1618 2049 1727 2095 comes
1752 2030 1794 2095 de

448 2139 660 2205 Tekenborch
681 2138 839 2218 Hinricus,
861 2139 958 2204 frater
980 2140 1048 2223 ejus
1065 2139 1150 2218 Otto,
1172 2139 1398 2218 Theodericus,
1416 2138 1604 2221 Wigboldus
1621 2138 1662 2204 de
1682 2139 1794 2205 Saltis-

448 2247 545 2329 berge
566 2247 689 2327 fraires,
713 2246 881 2312 Conradus
903 2247 943 2312 de
966 2246 1209 2313 Brochterbeke.
1250 2248 1363 2312 Omnis
1385 2249 1478 2330 igitur
1498 2248 1593 2331 hujus
1615 2248 1793 2314 sanccionis
1867 2287 1868 2291 =

448 2355 583 2420 violator
614 2355 665 2421 vel
696 2355 859 2420 cavillator
888 2356 1057 2440 injuriosus
1087 2374 1146 2420 nec
1175 2355 1278 2420 divine
1287 2355 1315 2441 8)
1344 2355 1448 2437 gracie
1475 2376 1510 2421 se
1540 2360 1705 2439 expertem
1730 2375 1793 2421 nec

448 2465 534 2531 beati
555 2464 641 2530 Petri
671 2465 858 2530 auctoritate
888 2468 920 2528 et
950 2468 1058 2530 nostra
1085 2483 1120 2528 se
1146 2463 1338 2529 dubitaverit
1358 2465 1678 2531 excommunicatum.
1722 2464 1794 2530 Hec

448 2574 618 2639 transactio
651 2573 812 2639 celebrata
844 2576 892 2638 est
927 2573 1113 2638 incivitate
1146 2572 1384 2654 Osnaburgensi
1417 2573 1619 2639 multitudine
1653 2572 1728 2639 cleri
1762 2578 1794 2638 et

448 2682 557 2767 populi
577 2683 679 2749 multa
700 2684 878 2762 assistente,
910 2686 945 2746 ut
973 2683 1059 2765 quod
1090 2681 1405 2766 irreprehensibiliter
1431 2683 1560 2748 confieri
1587 2683 1698 2748 debuit
1718 2702 1795 2766 per·

448 2795 578 2875 petuam
596 2791 755 2857 oblineret
770 2790 1038 2872 sollempnitatem
1054 2789 1242 2856 stabilitatis.
1264 2791 1346 2856 Acta
1361 2795 1435 2856 sunt
1448 2791 1508 2857 bec
1524 2810 1610 2856 anno
1627 2791 1795 2858 Dominice

449 2898 842 2976 incarnationisMCCIIH3
865 2900 1066 2981 episcopatus
1082 2899 1181 2963 nostri
1196 2898 1266 2975 Xll;
1286 2899 1455 2965 indictione
1471 2901 1615 2983 septima.
1638 2900 1796 2966 Folcardo

451 3009 594 3091 ejusdem
616 3009 731 3073 Montis
753 3008 924 3090 preposite,
957 3011 1086 3072 auctore
1115 3007 1230 3071 horum
1254 3012 1285 3073 ct
1307 3010 1451 3073 omnium
1476 3008 1635 3073 bonorum
1663 3008 1796 3074 domino

450 3115 525 3181 Jesu
548 3116 674 3182 Christo
708 3117 761 3200 qui
793 3116 826 3179 in
857 3115 916 3180 hiis
949 3118 981 3179 et
1012 3115 1044 3178 in
1079 3114 1227 3180 omnibus
1259 3134 1356 3198 super
1387 3117 1496 3182 omnia
1525 3117 1566 3181 sit
1595 3114 1795 3182 benedictus.

450 3225 567 3291 Amen.

555 3406 577 3475 ¹)
603 3409 701 3460 assext.
730 3406 794 3473 Cep.
829 3434 862 3442 -
898 3405 918 3473 ¹)
945 3406 1077 3460 vexitlrcis
1102 3407 1179 3474 Cop.;
1205 3406 1238 3463 be
1266 3404 1295 3463 in
1321 3404 1366 3462 bet
1392 3404 1522 3474 leltbtilt
1548 3405 1669 3474 alleabar
1695 3405 1722 3459 di
1749 3404 1797 3463 bec

451 3488 953 3562 urinianoofialalh.net1elentit
978 3490 1042 3559 (tin.
1061 3492 1088 3559 8)
1115 3490 1146 3560 ilt
1164 3489 1274 3560 illitati
1293 3490 1417 3545 veridicis
1435 3489 1533 3559 tirbtig.
1570 3520 1603 3529 -
1638 3493 1660 3558 Ι)
1679 3491 1796 3544 Eillarth

452 3576 531 3644 Cop.;
548 3574 629 3645 neret.
647 3574 728 3632 tiam
746 3579 771 3630 8.
807 3603 840 3612 -
875 3574 896 3641 ⁴)
914 3577 1045 3641 parentul.
1066 3578 1129 3644 Pop.
1165 3607 1198 3615 -
1234 3577 1255 3645 5)
1275 3577 1401 3629 mecinun
1420 3577 1484 3644 Gop.
1511 3605 1544 3615 -
1577 3579 1597 3644 ὅ)
1615 3585 1669 3633 aea
1688 3576 1795 3636 uatem

451 3660 580 3730 betped).
598 3689 631 3696 -
650 3661 669 3727 7)
688 3668 740 3716 ben
759 3657 874 3716 uterer.
898 3689 926 3698 -
946 3663 968 3726 ⁸)
986 3661 1079 3713 thuim
1098 3661 1161 3728 Cep.

452 4015 505 4082 23.
527 4053 570 4064 -
592 4015 685 4085 1204.

619 4156 735 4240 iiilrbot
765 4156 922 4240 Tbietmat
951 4174 1008 4222 eon
1037 4155 1167 4222 iltinbcn
1198 4156 1329 4242 beltitigt
1360 4160 1415 4225 ben
1446 4157 1530 4241 berech
1559 4157 1675 4240 ailant
1703 4158 1796 4225 itam

622 4266 704 4331 1183
716 4265 754 4350 (l,
766 4265 821 4331 ar.
835 4264 912 4350 369)
927 4264 1109 4349 geldebevcn
1125 4265 1288 4350 ttcbcrttog
1310 4267 1392 4333 cinea
1406 4266 1538 4349 sscbntea
1561 4285 1600 4332 au
1622 4266 1679 4333 baa
1690 4266 1797 4335 Dana:

621 4373 733 4441 btbdcr
755 4371 885 4454 eapite,
907 4371 1027 4454 melden
1051 4392 1082 4441 ct
1103 4373 1222 4441 tornata
1245 4373 1293 4440 ata
1316 4373 1497 4457 ibemptoplt
1519 4373 1635 4458 bcgcugt
1657 4373 1747 4456 batte.

725 4510 869 4581 bucinat:
888 4510 1056 4581 momordic.

579 4639 615 4704 ln
642 4637 771 4703 nomine
800 4641 911 4702 sancte
941 4641 973 4701 et
996 4638 1154 4702 individue
1176 4637 1347 4704 Trinitatis.
1391 4637 1595 4701 Thietnrarus
1616 4635 1674 4700 Dei
1696 4636 1798 4718 gratia

453 4751 563 4814 sancte
584 4746 757 4811 Mindensis
779 4746 909 4810 ecclesie
925 4746 1051 4810 humilis
1067 4747 1209 4811 minister
1225 4747 1380 4811 universis
1399 4747 1509 4811 sancte
1531 4743 1641 4810 matris
1664 4744 1797 4809 ecclesie

453 4856 533 4936 filiis,
565 4873 699 4938 quorum
730 4852 928 4937 temporibus
959 4854 1019 4919 hee
1048 4855 1150 4920 littere
1176 4856 1318 4938 legibiles
1348 4855 1463 4920 luerint
1485 4859 1558 4937 post
1578 4854 1725 4918 laborem
1747 4853 1796 4918 vie

440 4957 612 5048 ‘premium
641 4963 752 5048 patrie.
797 4962 958 5040 Quoniam
988 4967 1077 5044 gesta
1107 4984 1215 5029 rerum
1248 4968 1405 5029 vetustate
1437 4969 1619 5046 temporum
1653 4963 1797 5045 quadam

454 5074 619 5139 oblivionis
641 5070 772 5154 caligine
788 5070 997 5136 obfuscantur
1014 5074 1046 5134 et
1062 5072 1121 5136 nisi
1136 5073 1342 5137 monimentis
1356 5071 1531 5136 litterarum
1549 5070 1591 5135 ad
1608 5071 1797 5136 memoriam

453 5184 651 5261 revocentur,
674 5180 800 5265 penitus
823 5180 1029 5244 emoriuntur.
1063 5177 1182 5245 Idcirco
1204 5178 1420 5245 necessarium
1443 5179 1590 5242 duximus
1612 5180 1679 5241 tam
1700 5177 1798 5242 futuri

455 5308 553 5372 quarn
574 5290 674 5356 nostri
694 5289 847 5373 temporis
862 5285 973 5352 notitia
993 5286 1134 5352 fidelium
1150 5289 1306 5368 presentis
1321 5289 1437 5370 pagine
1452 5287 1673 5352 testificatione
1689 5288 1798 5370 palam
