4250 6109
965 677 1033 734 1210
1632 657 1672 722 35

325 838 485 903 decimam
517 859 590 904 curn
622 843 710 906 omni
739 842 818 925 juris
851 843 1028 924 integritate
1061 845 1094 906 et
1125 840 1280 905 universis
1313 838 1521 921 proventibus
1557 838 1673 920 quibus

324 947 428 1029 ipsam
452 948 640 1030 possederat
661 949 746 1014 dicto
768 950 902 1015 cenobio
924 950 1142 1015 conferremus
1164 950 1194 1013 in
1217 950 1417 1031 perpetuum.
1452 947 1518 1011 Nos
1541 965 1616 1028 ergo
1639 947 1671 1010 io

325 1056 410 1120 dicto
433 1057 505 1121 loco
526 1057 659 1122 multam
689 1058 927 1123 considerantes
957 1059 1160 1124 devotionem
1192 1061 1224 1122 et
1254 1056 1411 1138 religionis
1439 1057 1671 1121 incrementum

326 1165 444 1229 dictam
467 1165 624 1230 decimam
647 1185 720 1230 curn
742 1167 828 1230 omni
848 1170 1004 1249 proventu
1020 1166 1061 1230 ad
1080 1184 1257 1248 pauperum
1276 1164 1389 1230 Christi
1407 1164 1672 1229 sustentationem

326 1273 431 1337 eidem
454 1273 524 1338 loco
546 1276 701 1356 perpetuo
724 1275 924 1340 contulimus.
968 1275 1064 1357 Igitur
1094 1292 1135 1338 ne
1164 1274 1225 1337 ista
1253 1292 1316 1355 que
1346 1291 1366 1337 a
1395 1273 1488 1336 nobis
1511 1277 1542 1337 et
1564 1292 1672 1338 coram

327 1382 419 1446 nobis
441 1381 671 1446 rationabiliter
692 1381 838 1446 ordinata
860 1386 934 1446 sunt
956 1400 1107 1465 processu
1134 1382 1287 1463 temporis
1310 1381 1340 1444 in
1363 1380 1555 1445 oblivionem
1577 1383 1672 1446 dueta

327 1491 435 1574 aliquo
459 1509 631 1574 pravorum
653 1490 819 1555 hominurn
851 1491 1044 1571 malignandi
1074 1491 1180 1555 studio
1210 1492 1330 1572 queant
1351 1489 1524 1568 retractari,
1555 1489 1673 1573 scripto

327 1597 555 1665 commendare
586 1601 618 1662 et
647 1597 737 1679 sigilli
764 1599 863 1663 nostri
885 1598 1082 1680 appensione
1103 1598 1255 1664 roborare
1278 1599 1426 1663 duximus
1448 1600 1672 1666 necessarium.

327 1707 410 1773 Acta
432 1710 508 1772 sunt
529 1706 588 1771 hec
611 1706 736 1789 publice
758 1726 843 1771 anno
866 1706 961 1771 Verbi
983 1705 1136 1770 incarnati
1158 1704 1360 1782 M⁰.cc⁰.x⁰;
1383 1705 1552 1771 indictione
1574 1706 1673 1784 xmo

327 1816 512 1900 presidente
538 1816 687 1881 Romane
720 1816 788 1880 sedi
818 1815 1003 1881 Innocentio
1036 1833 1131 1896 papa,
1164 1816 1319 1896 regnante
1349 1814 1574 1895 gloriosissimo
1606 1815 1674 1881 Ro-

326 1945 499 1990 manorum
521 1926 715 2008 imperatore
736 1925 868 2001 Ottone;
890 1943 975 1989 anno
997 1923 1201 2007 'episcopatus
1223 1922 1323 1988 nostri
1346 1922 1444 2000 Vlll⁰;
1473 1926 1673 2006 presentibus

326 2034 559 2098 honestissimis
589 2033 663 2098 viris
693 2036 760 2097 tarn
790 2032 908 2097 clericis
939 2050 1037 2115 quam
1066 2032 1152 2096 laicis
1183 2050 1319 2113 quorum
1351 2031 1483 2097 nomina
1504 2032 1564 2098 hec
1585 2039 1673 2100 sunt:

325 2142 511 2226 prepositus
533 2142 574 2206 de
596 2141 720 2207 Claholt
736 2140 965 2223 Fritherieus‚¹)
988 2140 1135 2205 Rederus
1157 2140 1243 2221 prior
1265 2158 1352 2218 suus,
1374 2139 1549 2205 Wernerus
1571 2142 1673 2207 abbas

326 2251 569 2329 Lesbornensis‚
599 2248 733 2314 Sitridus
764 2249 926 2313 Bersensis
956 2249 1137 2325 canonicus,
1155 2247 1313 2311 ·Oliverus
1342 2249 1526 2331 capellanus
1554 2236 1673 2329 noster,

327 2358 483 2424 Ludollus
517 2358 558 2423 de
587 2359 677 2435 Lere,
710 2357 902 2422 Rembertus
930 2358 971 2421 de
997 2355 1159 2434 Stochem,
1194 2355 1352 2441 Olricus¹)
1384 2358 1425 2422 de
1457 2356 1673 2439 Stromberch,

327 2467 554 2550 Frithericus¹)
576 2468 616 2533 de
639 2466 896 2545 Overenlrerlren‚
928 2466 1061 2530 Sitridus
1092 2464 1243 2547 pincerna
1265 2464 1306 2528 de
1327 2464 1533 2530 Stromberch
1564 2470 1596 2532 et
1625 2468 1675 2533 alii

328 2576 447 2660 plures.
491 2576 608 2641 Datum
630 2596 689 2659 per
710 2595 844 2641 manum
866 2574 1004 2640 Rolandi
1026 2573 1186 2657 scriptoris
1207 2573 1306 2638 nostri
1328 2573 1358 2638 X
1379 2573 1427 2640 Ill.
1451 2574 1604 2643 Octobris.

438 2742 459 2809 ¹)
480 2740 545 2797 rotro
574 2741 636 2810 unci)
665 2742 734 2796 1209
761 2739 912 2809 (tssitmono
938 2755 962 2795 c.
988 2754 1011 2795 o.
1035 2738 1074 2796 D.
1099 2738 1149 2795 nr.
1168 2740 1215 2808 51)
1243 2739 1297 2796 nno
1326 2741 1395 2794 1212
1423 2740 1533 2809 (ebenoc
1557 2742 1603 2810 66)
1632 2742 1677 2798 oio

327 2826 420 2898 genoe
447 2832 579 2898 genennt)
607 2842 642 2884 on
668 2829 780 2899 letteren
805 2826 894 2884 &teile
922 2825 1006 2882 neten
1034 2826 1089 2896 ttpn
1115 2825 1158 2881 oct
1183 2833 1273 2882 enetos
1297 2827 1463 2883 Everwinus.
1501 2859 1534 2867 —
1571 2828 1594 2896 ²)
1614 2827 1678 2899 btrie

328 2913 423 2970 beiben
442 2913 549 2971 women
568 2913 734 2986 nongento.

458 3063 519 3132 ibic
540 3065 769 3151 Bencennensis
792 3067 1016 3153 nncegetrnitip
1039 3067 1226 3154 gcidtteben.

459 3172 677 3258 titidofoiiepel
700 3174 813 3260 (idoli.
837 3175 946 3261 &tepet
967 3176 1020 3257 42,
1042 3178 1062 3241 2
1085 3177 1154 3245 obet
1175 3177 1210 3262 3)
1233 3175 1401 3264 belddbipt.

331 3513 386 3579 47.
409 3553 453 3562 -
474 3516 619 3588 ssctncn.
642 3518 735 3599 1210,
757 3519 894 3593 October
914 3522 967 3592 30.

505 3648 597 3732 tlopit
619 3650 772 3737 Sunoccnp
788 3653 838 3719 Ill.
862 3652 1015 3737 tibertcdpt
1036 3652 1091 3735 cul
1113 3651 1284 3738 nesteron
1307 3655 1359 3720 beo
1380 3653 1595 3737 tionptopiteo
1617 3656 1679 3723 unt

507 3756 714 3840 moneantur
736 3779 769 3844 pr
793 3760 923 3829 bremen
949 3761 1013 3828 bern
1036 3761 1168 3844 liticine
1190 3763 1328 3847 &abach
1350 3782 1409 3831 oon
1431 3763 1603 3831 Donebrttd
1625 3765 1681 3832 boo

507 3866 697 3951 oratiorium
729 3868 861 3936 licenter
896 3869 957 3935 nub
996 3868 1126 3953 pcitettct
1158 3868 1219 3952 iiim
1252 3869 1299 3938 bis
1332 3889 1397 3955 pun
1430 3871 1597 3955 (implume
1630 3872 1682 3939 beo

506 3976 660 4059 noniano
682 3978 738 4044 boo
760 3978 905 4061 biottnn
927 3978 1101 4046 Donobrttd
1123 3978 1294 4063 peraperta
1316 3997 1350 4062 pr
1373 3977 1515 4062 bebotten.

602 4112 744 4183 origines:
774 4113 967 4183 &teutomodo
991 4113 1147 4183 pannones.
1184 4112 1281 4170 ibent:
1310 4111 1400 4183 {tinto
1427 4111 1566 4182 ilopitnrt.
1591 4108 1682 4182 {betti

603 4199 653 4255 ilt.
672 4201 738 4268 2282
756 4200 891 4273 ‘Emiflsslb
908 4203 998 4270 Regg.
1018 4208 1106 4270 pontt.
1124 4202 1203 4256 4117.

462 4316 666 4382 Innocentius
697 4320 865 4402 episeopus
896 4339 1007 4385 servus
1040 4339 1205 4384 servorum
1238 4320 1294 4384 Dei
1327 4318 1500 4382 venerabili
1532 4317 1619 4383 fratri
1643 4365 1682 4381 ..

336 4423 579 4506 Osoaburgensi
595 4425 745 4509 episcopo
762 4427 897 4493 salutem
914 4432 945 4493 et
965 4430 1173 4511 apostolicam
1192 4427 1457 4492 benedictionem.
1479 4425 1684 4490 venerabiles
1767 4426 1771 4433 ‘

335 4532 451 4597 fratres
473 4534 573 4598 nostri
596 4583 603 4599 .
627 4584 634 4598 .
657 4535 840 4601 Lubieensis
862 4543 894 4601 et
913 4589 920 4604 .
940 4586 947 4601 .
964 4538 1151 4602 Livonensis
1175 4536 1314 4619 episcopi
1337 4539 1369 4600 et
1391 4535 1523 4600 dilectus
1545 4535 1627 4600 filius
1646 4584 1653 4598 .
1675 4582 1683 4598 .

335 4641 440 4723 major
462 4641 603 4705 decanus
625 4660 699 4706 cum
721 4644 833 4707 ceteris
856 4644 1014 4709 canonicis
1033 4644 1215 4709 Bremensis
1232 4645 1362 4709 ecclesie
1379 4644 1444 4707 suis
1463 4643 1554 4709 nobis
1573 4642 1684 4707 litteris

335 4748 533 4827 intimarunt,
564 4751 651 4831 quod
680 4770 752 4815 cunr
784 4752 859 4815 olim
890 4750 1131 4816 Waldemarum
1162 4753 1326 4834 quondam
1357 4750 1582 4816 slewicensem
1617 4750 1683 4833 epi·

335 4875 471 4938 scopum
504 4875 525 4920 a
556 4858 648 4922 nobis
681 4860 712 4922 in
744 4859 1018 4943 archiepiscopum
1051 4861 1278 4942 postulassent,
1314 4861 1389 4943 quia
1420 4859 1453 4925 id
1485 4878 1549 4924 non
1582 4861 1684 4942 potuit

335 4966 462 5030 effectui
491 4966 673 5048 mancipari,
705 4968 836 5050 quidam
859 4987 899 5032 ex
921 4970 965 5032 eis
989 4968 1149 5033 electionis
1175 4988 1232 5032 sue
1259 4972 1333 5034 vota
1359 4970 1391 5033 in
1414 4969 1563 5035 dilectum
1585 4968 1684 5032 filiurn

335 5073 586 5159 Bturchardum)
603 5075 747 5157 ejusdem
763 5077 894 5141 ecclesie
911 5077 1110 5161 maj0rem(!)
1125 5078 1322 5159 prepositum
1333 5078 1543 5143 contulerunt.
1566 5076 1684 5141 Verum

336 5183 412 5264 quia
435 5182 533 5263 ipsius
556 5202 621 5247 non
644 5182 745 5247 extitit
776 5184 886 5250 electio
908 5186 1105 5265 confirmata,
1134 5186 1192 5269 ipsi
1219 5189 1374 5269 quantum
1403 5187 1434 5250 in
1457 5187 1502 5250 eis
1524 5186 1623 5251 extitit
1645 5186 1685 5250 de

335 5294 399 5358 alia
421 5312 561 5376 persona
581 5297 755 5359 tractantes
778 5295 908 5359 ecclesie
934 5315 992 5359 sue
1015 5295 1180 5361 consulere
1203 5298 1408 5371 curaverunt;
1440 5297 1573 5376 propter
1598 5294 1685 5376 quod

1457 5392 1495 5457 3*
