4250 6109
445 655 487 719 70
1082 673 1148 730 1218

447 832 500 899 95.
524 871 557 881 -
586 834 678 905 1218.

613 965 694 1048 (brot
716 965 853 1033 ttulbuin
875 985 935 1034 aaa
957 966 1116 1051 tlentbeim
1147 966 1284 1034 betrurbet
1315 967 1364 1034 ula
1386 966 1557 1036 beraultet
1579 986 1639 1035 aon
1660 966 1788 1047 balant

613 1076 697 1142 einen
729 1073 860 1158 aalma
893 1076 943 1142 ter
975 1075 1063 1142 ahta
1093 1074 1288 1160 iltitbelburg
1320 1075 1375 1142 urit
1408 1076 1458 1142 ter
1488 1075 1610 1144 illittme
1644 1077 1705 1143 aab
1734 1078 1789 1144 bra

613 1183 743 1269 &ibren
765 1183 817 1250 bea
838 1183 983 1250 antinus
1005 1201 1065 1250 aaa
1088 1182 1248 1267 &alburg

709 1316 780 1387 llam
805 1317 861 1373 tem
886 1317 985 1376 antae
1010 1318 1050 1374 bct
1076 1326 1101 1374 u.
1120 1319 1143 1375 b.
1162 1318 1264 1391 tlctpt),
1291 1320 1522 1376 Oorkondenboek
1546 1336 1599 1376 ran
1618 1318 1738 1376 Holland
1756 1336 1788 1374 en

709 1406 828 1461 Zoeland
846 1407 868 1474 Ι,
887 1405 937 1462 itt.
956 1408 1008 1462 264
1027 1407 1189 1478 micberbolt.

570 1524 605 1587 ln
634 1524 763 1588 nomine
793 1527 922 1588 sanctae
952 1527 983 1588 el
1014 1524 1194 1590 individuae
1224 1523 1396 1591 Trinitatis.
1439 1524 1506 1609 Ego
1534 1525 1711 1591 Balduinus
1733 1524 1789 1589 Dei

445 1633 550 1715 gracia
578 1650 687 1697 comes
719 1632 759 1696 de
786 1632 942 1697 Banthem
976 1636 1008 1696 et
1039 1636 1226 1715 procurator
1258 1632 1426 1699 Hollandie
1459 1637 1571 1698 notum
1605 1632 1687 1698 facio
1722 1634 1788 1696 tam

445 1741 646 1824 presentibus
673 1759 770 1824 quam
798 1741 921 1821 futuris,
953 1741 1039 1823 quod
1061 1740 1244 1823 Hadewigis
1270 1742 1366 1806 vidua
1386 1741 1501 1807 Dodini
1523 1742 1564 1806 de
1585 1740 1737 1824 Subburg
1758 1745 1789 1806 et

446 1847 498 1912 lllii
520 1849 616 1930 ipsius
638 1847 799 1914 lohannes
823 1852 855 1912 et
875 1848 995 1932 Symon
1023 1851 1054 1912 el
1081 1851 1231 1931 parentes
1258 1847 1393 1913 filiorum
1415 1849 1605 1913 rcmiscnmt
1626 1848 1736 1914 abbati
1758 1853 1789 1914 et

446 1955 593 2019 iratribus
619 1956 660 2019 de
682 1955 881 2038 Mlddelburg
911 1975 970 2038 pro
1001 1957 1109 2021 anima
1137 1956 1234 2038 patris
1264 1957 1311 2021 sui
1342 1955 1542 2039 palafridum,
1572 1976 1669 2040 quem
1697 1961 1789 2040 pater

446 2082 557 2128 eorum
586 2064 627 2127 ab
651 2063 768 2127 eisdem
791 2062 904 2127 habuit
931 2064 973 2128 ad
1003 2063 1101 2128 vitam
1129 2082 1221 2128 suam
1251 2066 1485 2144 tantummodo,
1514 2083 1580 2130 non
1609 2066 1650 2131 de
1680 2067 1788 2149 aliquo

442 2172 513 2253 jure
535 2172 592 2236 sed
614 2172 654 2236 de
676 2173 792 2254 gracia.
836 2171 918 2237 Cum
940 2175 1048 2236 autem
1071 2171 1221 2248 decimas,
1255 2191 1334 2254 quas
1355 2177 1448 2255 pater
1470 2192 1579 2238 eorum
1604 2174 1645 2237 ab
1668 2173 1787 2238 abbate

443 2280 609 2359 habuerat,
640 2281 671 2344 in
700 2280 829 2346 feodum
860 2281 1062 2362 recepissent,
1092 2280 1222 2345 easdem
1250 2280 1390 2345 decimas
1419 2284 1485 2346 tam
1508 2300 1665 2363 agnorum
1688 2300 1785 2364 quam

444 2409 570 2455 annone
593 2388 700 2454 abbati
723 2409 780 2471 pro
803 2389 1012 2472 quadraginta
1033 2390 1147 2453 marcis
1167 2388 1387 2471 obligaverunt
1408 2389 1462 2455 tali
1484 2390 1674 2467 conditione,
1698 2389 1784 2472 quod

444 2500 543 2564 dictas
574 2498 714 2564 decimas
742 2497 823 2562 inira
854 2497 1022 2562 triennium
1051 2497 1207 2561 redimere
1235 2516 1301 2562 non
1329 2501 1470 2580 possent,
1499 2517 1559 2563 nec
1587 2499 1684 2561 etiam
1714 2501 1787 2580 post

444 2607 623 2686 triennium,
653 2605 712 2670 nisi
740 2605 782 2670 ad
813 2605 957 2687 proprios
986 2623 1074 2669 usus.
1117 2603 1164 2668 De
1196 2605 1416 2688 redemptione
1448 2609 1555 2669 autem
1588 2605 1638 2670 hic
1672 2606 1786 2671 modus

444 2715 662 2781 observandus
695 2716 753 2778 est.
798 2712 1074 2794 Quandocumque
1110 2712 1268 2778 voluerint
1303 2715 1468 2794 redimere,
1504 2715 1537 2779 in
1569 2715 1650 2780 testo
1688 2715 1786 2778 sancti

444 2824 580 2889 Bavonis
613 2822 737 2887 solvent
769 2822 909 2905 quinque
943 2838 1067 2885 marcas
1099 2821 1207 2886 abbati
1241 2822 1301 2886 sub
1333 2822 1514 2887 testimonio
1547 2826 1723 2887 conventus
1756 2825 1786 2886 et

443 2932 608 2998 hominum
638 2930 763 2995 abbatis
793 2933 824 2994 et
849 2930 988 3011 reliquos
1013 2931 1162 2995 denarios
1190 2931 1311 3012 integre
1340 2934 1415 2995 ante
1445 2931 1618 2995 adventum
1648 2930 1784 3009 Domini,

444 3038 584 3121 alioquin
613 3037 714 3102 abbas
745 3056 784 3101 eo
815 3056 900 3101 anno
930 3037 1069 3102 decimas
1100 3037 1199 3102 dictas
1227 3038 1390 3103 obtinebit.
1432 3038 1502 3104 Hoc
1531 3042 1641 3103 autem
1666 3039 1784 3104 lactum

444 3151 493 3210 est
524 3164 633 3211 coram
663 3163 715 3208 me
749 3147 781 3209 et
811 3145 940 3210 domino
968 3144 1164 3211 Theoderico
1196 3146 1236 3210 de
1264 3146 1368 3211 Vome
1404 3150 1435 3210 et
1464 3147 1595 3211 Andrea
1621 3146 1785 3229 judiciario

443 3253 609 3317 Flandriae
641 3257 673 3317 et
707 3253 824 3317 abbate
856 3253 897 3317 de
929 3253 1088 3334 Tougerlo
1124 3257 1156 3318 et
1188 3253 1368 3319 hominibus
1402 3254 1523 3318 comitis
1557 3273 1693 3336 quorum
1727 3255 1785 3320 hec

443 3364 517 3425 sunt
538 3360 682 3426 nomina:
713 3361 788 3426 Otto
821 3361 952 3443 dapifer,
982 3361 1148 3427 Heinricus
1170 3365 1210 3429 de
1232 3361 1319 3441 Kats,
1347 3361 1489 3427 Dodinus
1515 3362 1597 3427 lilius
1626 3360 1784 3446 Symonis,

443 3469 564 3553 Symon
587 3470 640 3552 qui
662 3470 773 3535 dicitur
787 3469 939 3549 Stcneric,
962 3470 1128 3537 Heinricus
1150 3471 1231 3536 filius
1248 3470 1402 3553 Everdeij,
1424 3469 1546 3554 Symon
1561 3471 1643 3537 illius
1659 3471 1785 3548 Gerolfi,

444 3578 647 3662 Will(elmus)
669 3577 751 3643 silius
773 3578 896 3656 Dodini,
918 3578 1084 3644 Heinricus
1105 3580 1187 3644 lilius
1209 3579 1362 3662 Hugonis,
1388 3576 1498 3644 Simon
1520 3579 1602 3645 silius
1624 3580 1784 3646 Bonilacii.

446 3686 562 3752 Datum
583 3705 668 3752 anno
691 3687 854 3753 [lominica
876 3687 1100 3753 incarnationis
1121 3685 1359 3753 Maeonium.
1402 3686 1444 3751 Ut
1467 3690 1575 3751 aulem
1597 3686 1659 3753 hoc
1680 3692 1784 3754 ratum

446 3797 478 3858 el
505 3794 723 3859 inconvulsum
753 3799 949 3878 permaneat,
979 3799 1161 3878 presentem
1190 3795 1339 3878 paginam
1369 3794 1458 3876 sigilli
1487 3797 1550 3860 mei
1577 3795 1785 3878 impressione

445 3908 476 3968 et
507 3904 641 3968 aliorum
672 3904 831 3969 bonorum
862 3903 1012 3982 virorum,
1050 3902 1167 3967 scilicet
1203 3902 1322 3968 domini
1354 3900 1571 3987 Th(eoderici)
1605 3902 1646 3966 de
1681 3903 1785 3968 Vomc

445 4011 605 4077 castellani
633 4015 664 4075 et
689 4012 819 4077 Andree
845 4011 998 4095 judiciarii
1019 4010 1186 4076 Flandriae
1217 4013 1248 4075 el
1278 4009 1403 4074 abbatis
1430 4009 1469 4074 de
1491 4009 1654 4092 Tungerlo
1681 4010 1785 4093 sigillis

445 4119 505 4185 ieci
526 4119 725 4184 communiri.

445 4493 499 4561 96.
523 4529 560 4541 -
586 4491 729 4567 tinterna.
752 4490 847 4571 1218,
868 4488 961 4574 arur
984 4489 1034 4560 la

610 4631 703 4718 liubit
740 4631 895 4710 bacarius
933 4631 1045 4713 farbett
1080 4631 1134 4698 beu
1171 4629 1287 4714 illidat
1324 4629 1444 4715 (ltboll)
1484 4631 1546 4696 aab
1586 4632 1640 4698 beu
1675 4631 1783 4715 dirupit

610 4739 785 4827 (baldath)
806 4741 858 4807 bet
881 4738 1140 4824 deatubeabergs
1170 4758 1205 4824 pr
1226 4739 1399 4807 Daaabrtid
1430 4740 1491 4806 aab
1522 4741 1577 4808 beo
1598 4740 1693 4824 dirior
1726 4762 1783 4810 rou

610 4847 789 4933 iltulgattea
822 4846 886 4930 auf,
917 4848 968 4915 bet
998 4847 1124 4915 brema
1154 4847 1254 4931 dtrbe
1283 4849 1329 4916 bie
1359 4850 1469 4929 tilitas,
1502 4850 1680 4932 uoldaha
1711 4853 1782 4920 diu:

614 4955 766 5041 suppling
788 4955 961 5025 chbemar
989 4956 1023 5023 in
1051 4956 1155 5040 tegent
1182 4956 1262 5024 einer
1284 4956 1379 5038 ttrite
1406 4957 1564 5039 certabat
1585 4958 1648 5043 bct,
1676 4961 1783 5028 aiebat

610 5083 644 5149 gu
667 5063 849 5147 arridebat.

707 5196 850 5268 Drtgtncl:
876 5197 1069 5267 &luctamenta
1092 5197 1247 5267 portaretur.
1284 5198 1355 5267 itam
1381 5198 1438 5254 buu
1461 5198 1578 5269 fflcpitter
1604 5200 1717 5270 grbtudt
1743 5204 1782 5256 brt

708 5282 888 5355 aaronem,
904 5282 1001 5353 bamb.
1022 5282 1103 5341 uati.
1122 5284 1145 5354 1,
1163 5283 1214 5340 llr.
1231 5285 1292 5340 410.
