4250 6109
424 606 467 670 40
1065 622 1131 677 1213

424 786 537 851 futuris
566 786 713 851 bravium
744 788 852 849 eterne
881 784 1000 849 salutis.
1045 785 1181 850 Provida
1210 788 1392 850 sanctorum
1416 789 1543 868 patrum
1567 785 1673 849 sanxit
1694 803 1772 848 auc-

424 894 545 973 toritas,
580 896 615 958 ul
648 892 796 977 quicquid
834 892 866 956 in
905 893 1043 958 ecclesiis
1076 892 1133 957 Dei
1165 894 1397 958 racionabiliter
1431 894 1642 971 ordinaretur,
1675 892 1771 974 privi-

424 1002 611 1086 leyorum(!)
650 1002 854 1066 attestatione
894 1000 1154 1066 corroboraretur
1192 1005 1223 1065 et
1262 1002 1365 1065 omnis
1404 1000 1596 1083 malignandi
1634 1000 1770 1065 facultas

424 1114 615 1193 amputetur.
658 1109 756 1193 Igitur
786 1113 897 1175 notum
921 1129 990 1174 esse
1014 1109 1160 1174 volumus
1183 1111 1331 1175 omnibus
1353 1109 1509 1188 fidelibus,
1541 1110 1629 1192 quod
1659 1112 1772 1173 nostra

422 1218 631 1301 permissione
667 1217 829 1282 abbatissa
865 1218 896 1281 in
930 1216 1132 1282 Hersebroke
1166 1218 1269 1283 Floria
1302 1223 1486 1300 nuncupata
1519 1218 1771 1283 decimacionem

424 1327 538 1392 domus
560 1328 592 1390 iu
615 1325 712 1389 Velde
741 1325 782 1389 de
808 1325 911 1390 laicali
938 1327 1074 1390 redemit
1096 1346 1204 1393 manu.
1249 1326 1331 1404 Quia
1361 1347 1436 1392 vero
1466 1328 1608 1410 predicta
1637 1327 1772 1391 ecclesia

423 1434 538 1500 nostris
562 1433 762 1516 temporibus
784 1434 897 1513 arcius,
920 1453 1017 1516 quam
1041 1439 1136 1499 antea
1158 1434 1276 1514 luisset,
1302 1436 1413 1501 divinis
1435 1439 1484 1500 est
1506 1436 1687 1518 mancipata
1710 1435 1772 1499 ob·

422 1544 549 1627 sequiis,
580 1563 640 1608 nos
669 1544 736 1607 vice
759 1541 875 1607 Christi
904 1561 977 1606 eam
1003 1543 1184 1625 promoveri
1206 1543 1353 1608 volumus
1375 1548 1406 1608 et
1428 1544 1603 1626 predictam
1626 1543 1772 1608 decima·

422 1654 547 1718 cionem
578 1653 681 1717 eidem
709 1650 839 1715 ecclesie
869 1649 955 1716 dono
987 1655 1143 1734 perpetuo
1171 1651 1373 1717 conferimus.
1417 1651 1521 1736 Siquis
1542 1656 1649 1717 autem
1672 1651 1771 1735 buJus

422 1760 496 1826 iacti
517 1759 705 1826 temerarius
729 1757 862 1824 violator
883 1758 1017 1823 existere
1042 1758 1183 1837 voluerit,
1214 1757 1339 1823 vinculo
1367 1761 1555 1824 anatematis
1586 1778 1621 1822 se
1654 1758 1772 1842 damp-

423 1872 535 1934 natum
556 1868 688 1933 noverit.
730 1866 769 1930 Et
790 1886 832 1931 ne
854 1867 942 1948 signa
965 1866 1135 1931 dubietatis
1157 1867 1300 1931 animum
1322 1869 1477 1950 cujusque
1498 1867 1614 1932 titillari
1633 1868 1770 1949 possint,

422 1980 604 2061 presentem
627 1976 776 2058 paginam
803 1974 891 2057 sigilli
923 1973 1022 2038 nostri
1045 1974 1241 2057 inpressione
1264 1975 1454 2039 roboramus
1475 1978 1572 2057 atque
1594 1975 1769 2038 munimus.

422 2085 503 2151 Acta
531 2088 606 2149 sunt
635 2087 743 2148 autem
775 2083 834 2147 hec
861 2102 947 2148 anno
970 2081 1166 2166 Dominice1)
1189 2075 1368 2159 M.CC.XJI;
1399 2082 1568 2147 indictione
1590 2082 1661 2159 XV;
1691 2103 1769 2166 pre·

422 2194 565 2259 sentibus
580 2193 702 2258 idoneis
718 2191 851 2256 testibus
870 2191 1027 2256 videlicet:
1052 2190 1251 2255 Wulfhelmo
1269 2191 1309 2254 de
1327 2190 1571 2273 Blalrenthorpe,
1594 2190 1768 2255 Fritherico

424 2302 464 2367 de
480 2300 652 2379 Muscheln,
676 2300 836 2364 Wemone
852 2300 892 2365 de
909 2298 1129 2377 Westerwidc,
1153 2297 1332 2362 Walderico
1353 2298 1393 2361 de
1408 2297 1638 2380 Ascanthorpe,
1662 2298 1766 2379 Egge·

424 2408 525 2474 bardo
542 2409 581 2472 de
598 2407 845 2489 widenbrugge,
868 2408 958 2490 cujus
979 2406 1170 2471 beneficium
1193 2405 1295 2470 iuerat
1312 2406 1390 2469 etin
1409 2423 1524 2469 manus
1541 2406 1769 2488 resignaverat.

424 2517 506 2582 Data
527 2516 636 2599 Yburg
658 2515 701 2580 XI
722 2515 770 2580 Kl.
792 2515 885 2582 lunii.

531 2682 551 2749 ¹)
571 2680 636 2751 tebit
655 2680 857 2735 incamationia.

549 2848 599 2914 lin
629 2846 929 2932 bergomcntitrciicn
955 2846 1011 2912 bos
1039 2845 1147 2929 crept
1176 2844 1291 2930 (iberti.
1319 2846 1425 2932 &teget
1454 2847 1504 2928 18,
1527 2847 1561 2932 8)
1589 2848 1768 2933 oottrclttid

423 2958 565 3043 ertottcn.

423 3331 477 3397 5³.
498 3369 542 3378 —
564 3330 657 3401 1213.

590 3462 705 3546 11111111
728 3460 864 3545 (1111111
892 3459 1025 3545 beitdtigt
1050 3461 1106 3527 ben
1128 3459 1432 3544 lltcrtcingelcitcncn
1455 3480 1513 3528 non
1536 3463 1671 3544 caelen
1702 3463 1763 3549 (bei

590 3570 816 3655 dloppentutg)
847 3570 902 3637 boa
933 3569 1021 3653 ibren
1049 3586 1108 3635 non
1131 3567 1578 3653 circuminspectione
1601 3569 1688 3653 iicdt
1710 3590 1763 3655 gut

592 3681 685 3761 beten
701 3678 791 3762 illabi
808 3676 867 3744 urb
885 3676 1100 3762 brdicutotion
1117 3676 1197 3759 ibrca
1215 3676 1361 3760 dilectem
1384 3677 1455 3761 (1.1,
1468 3677 1643 3761 aesone
1659 3677 1766 3763 1159).

688 3812 818 3884 1111111111
837 3811 884 3866 bcss
904 3811 945 3866 15.
964 3809 1066 3882 {inlicta
1086 3811 1114 3864 tn
1133 3808 1202 3878 11111.
1213 3811 1274 3876 189,
1292 3809 1329 3866 Ξ.
1340 3810 1399 3865 210.
1420 3810 1516 3868 bruti:
1536 3811 1629 3881 lltblcr
1641 3810 1692 3867 itt.
1707 3814 1766 3869 107.

549 3935 583 3998 ln
615 3933 744 3997 nomine
777 3935 886 3997 sancte
922 3934 954 3994 et
986 3929 1147 3994 individue
1177 3929 1349 3995 Trinitatis.
1393 3929 1459 4011 Ego
1492 3930 1674 3995 Gerhardus
1709 3933 1766 3998 Dei

423 4044 524 4125 gratia
539 4040 659 4108 Osnab.
677 4039 845 4122 episcopus
867 4042 979 4104 notum
1002 4038 1083 4103 facio
1106 4039 1254 4103 omnibus
1276 4043 1342 4102 lam
1365 4040 1520 4120 presentis
1544 4058 1640 4122 quam
1661 4040 1767 4106 luture

423 4150 630 4216 successionis
651 4148 683 4212 in
706 4147 832 4212 Christo
863 4147 1019 4224 fidelibus,
1051 4147 1137 4229 quod
1169 4147 1367 4227 parrochiani
1398 4148 1428 4211 in
1453 4146 1616 4230 Cappelen
1647 4149 1690 4214 ad
1713 4170 1765 4213 me

422 4259 611 4325 accedentes
640 4257 803 4341 quoddam
831 4256 1064 4340 cyrographum
1095 4257 1135 4321 de
1164 4257 1329 4320 sacerdote
1361 4256 1392 4319 in
1422 4257 1505 4320 dicta
1532 4255 1654 4339 capella
1685 4276 1765 4321 ase

422 4366 566 4450 eligendo
582 4369 614 4430 et
631 4364 855 4448 presentando,
878 4363 965 4447 quod
987 4365 1032 4428 eis
1053 4365 1139 4428 bone
1156 4365 1309 4428 memorie
1327 4363 1474 4428 dominus
1490 4364 1654 4447 Philippus
1674 4384 1766 4429 meus

422 4476 628 4558 predecessor
658 4473 732 4538 olim
763 4472 936 4537 tradiderat
958 4473 1141 4539 obtulerunt
1171 4476 1212 4552 et,
1242 4476 1277 4537 ut
1306 4473 1381 4536 illud
1408 4476 1514 4537 ratum
1544 4473 1695 4537 habendo
1718 4472 1765 4536 in·
1823 4481 1825 4485 ’

422 4602 584 4662 necarem,
596 4580 755 4646 humiliter
770 4579 996 4662 supplicarunt.
1019 4580 1124 4658 Quam
1136 4582 1178 4647 ob
1191 4601 1257 4645 rem
1266 4583 1359 4664 J'ustis
1374 4601 1484 4646 eorum
1499 4582 1764 4665 postulationibus

422 4691 631 4758 assenciendo
653 4691 771 4756 iactum
793 4690 856 4753 mei
878 4689 1112 4772 predecessoris
1140 4690 1359 4755 inviolabiliter
1380 4690 1616 4755 observandum
1639 4690 1767 4753 decrevi

421 4801 609 4884 promittens
640 4800 694 4878 eis,
728 4799 808 4864 sicut
838 4798 1002 4881 quondam
1031 4800 1224 4881 promissum
1255 4799 1367 4877 iuerat,
1397 4802 1432 4862 ut
1464 4817 1536 4863 cum
1564 4816 1645 4880 opus
1673 4796 1766 4862 luerit

422 4909 621 4973 sacerdotem
644 4906 760 4988 eligant
780 4906 940 4989 ydoneum
966 4909 996 4970 et
1018 4910 1204 4989 presentent
1226 4906 1372 4972 electum.
1394 4904 1433 4968 El
1455 4910 1488 4969 ut
1511 4904 1570 4969 hec
1586 4905 1765 4986 promissio.

421 5015 447 5080 si
478 5016 596 5103 quis(!)
625 5035 698 5081 eam
726 5017 806 5080 torte
836 5014 953 5079 vellent
986 5015 1183 5097 impugnare,
1214 5016 1254 5079 sit
1283 5014 1414 5078 validior
1443 5016 1474 5078 ct
1504 5013 1544 5078 de
1566 5016 1712 5096 tempore
1735 5015 1767 5078 in

420 5125 549 5205 tempus
570 5124 613 5189 ad
634 5122 782 5189 noticiam
811 5121 1003 5204 posteritatis
1033 5122 1199 5201 efficacior,
1229 5125 1410 5205 presentem
1435 5122 1583 5204 paginam
1610 5122 1704 5186 scribi
1735 5127 1766 5187 et

422 5230 521 5314 sigillo
544 5251 617 5297 meo
633 5232 691 5297 ieci
707 5231 904 5309 communiri,
927 5232 1109 5296 nominibus
1125 5231 1255 5295 lesbum
1275 5233 1473 5313 subscriptis:
1498 5231 1643 5295 Hinricus
1662 5233 1766 5314 maJor
