4250 6109
439 680 481 747 ao
1030 644 1142 753 ⁸1209

439 865 497 941 est,
529 880 571 925 ne
602 880 641 926 ea
670 880 733 944 que
763 864 830 926 tam
858 862 989 945 provide
1020 880 1119 945 quam
1148 860 1356 944 solempniter
1384 862 1455 926 acta
1481 863 1554 925 sunl
1585 863 1617 925 et
1638 858 1782 942 pluribus

438 969 545 1034 forsan
567 969 759 1052 prudentum
783 968 961 1052 excogitata
989 970 1099 1054 vigiliis
1129 989 1203 1035 cum
1226 969 1353 1034 interitu
1375 987 1585 1052 personarum
1614 968 1780 1045 intereant,

439 1080 472 1143 et
500 1096 540 1142 ex
570 1078 661 1161 lapsu
691 1076 845 1160 temporis
876 1077 990 1143 deduci
1020 1077 1121 1161 possit
1149 1078 1181 1142 in
1210 1078 1342 1143 dubium
1369 1078 1457 1161 quod
1483 1076 1583 1142 multa
1605 1076 1780 1142 multomm

437 1185 644 1252 sollicitudine
672 1186 824 1251 decenter
854 1187 930 1251 salis
957 1191 988 1252 et
1009 1187 1141 1271 provide
1163 1187 1266 1253 fuerat
1287 1188 1477 1253 ordinatum.
1521 1185 1668 1251 Presenti
1690 1186 1783 1268 igitur

437 1298 553 1381 scripto
585 1297 675 1362 vobis
707 1298 905 1362 innotescere
940 1296 1095 1374 volumus,
1129 1295 1216 1378 quod
1252 1298 1377 1360 mortua
1406 1294 1458 1378 pie
1489 1293 1719 1360 recordationis
1751 1296 1783 1358 ct

438 1408 592 1472 memorie
615 1406 777 1472 abbatissa
799 1407 840 1472 de
862 1405 1101 1471 Hertzenbrolre
1123 1405 1214 1470 Goda
1237 1404 1429 1470 succedente
1449 1403 1492 1468 illi
1513 1421 1571 1486 per
1593 1402 1782 1468 electionem

438 1515 623 1581 eanonicam
653 1533 762 1578 sorore
793 1517 903 1579 nostra
932 1514 1059 1579 carnale
1081 1513 1223 1579 Beatrice
1246 1518 1321 1579 tunc
1343 1512 1499 1576 Bcrsense
1521 1510 1685 1577 abbatissa
1706 1512 1783 1576 utile

438 1623 529 1688 nobis
552 1623 654 1687 visum
678 1624 725 1686 est
747 1625 779 1686 et
800 1622 980 1700 honestum,
1013 1625 1046 1686 ut
1069 1624 1235 1704 amputata
1257 1623 1344 1685 omni
1373 1638 1470 1704 quarn
1493 1620 1525 1685 in
1546 1620 1689 1703 predicto
1712 1620 1782 1686 loco

437 1731 615 1795 invenimus
637 1728 856 1793 dissolucionis
883 1730 1017 1795 materia
1047 1749 1173 1795 sorores
1196 1730 1340 1813 ejusdem
1362 1730 1495 1810 cenobii,
1526 1748 1589 1813 que
1611 1728 1781 1813 usquead

436 1842 582 1921 tempora
614 1840 725 1901 nostra
757 1836 879 1918 singule
911 1837 943 1900 in
976 1837 1041 1901 suis
1074 1838 1236 1902 domiciliis
1269 1840 1375 1903 minus
1406 1838 1593 1922 regulariter
1618 1838 1780 1918 vivebant,

436 1945 583 2030 preclusa
602 1945 660 2009 sibi
682 1944 781 2009 libera
803 1946 896 2009 nimis
919 1945 1074 2028 evagandi
1102 1945 1228 2010 licentia
1254 1947 1294 2011 de
1317 1951 1422 2013 cetero
1444 1948 1485 2012 de
1506 1949 1669 2014 communi
1691 1966 1780 2012 com-

436 2055 576 2119 muniter
611 2057 644 2118 et
675 2054 707 2117 in
730 2053 870 2118 conclavi
906 2053 966 2118 sub
1000 2053 1108 2136 regula
1144 2053 1231 2118 beati
1264 2054 1425 2120 Benedicti
1462 2056 1579 2135 vivant
1618 2057 1778 2138 quatenus

437 2163 581 2229 omniurn
602 2162 789 2227 secularium
821 2164 1021 2244 negotiorum
1049 2162 1172 2245 laqueis
1200 2166 1232 2226 et
1260 2162 1494 2246 impedimentis
1523 2164 1634 2247 procul
1665 2163 1780 2230 amotis

436 2272 505 2338 Deo
537 2272 665 2336 liberius
703 2274 735 2336 et
765 2271 895 2336 uberius
932 2272 964 2335 in
1003 2290 1092 2335 sacre
1130 2271 1410 2353 contemplacionis
1444 2272 1610 2336 dulcedine
1644 2270 1780 2337 militare

437 2381 564 2446 valeant
578 2384 610 2445 et
626 2382 670 2446 sic
691 2379 855 2445 militando
874 2383 904 2443 et
926 2379 1062 2444 vivendo
1085 2382 1117 2443 et
1133 2375 1337 2467 nostr[a]m¹)
1353 2383 1385 2444 et
1401 2381 1543 2445 omnium
1560 2398 1782 2446 successorum

436 2493 618 2554 nostrorum
642 2492 673 2553 et
695 2490 796 2554 tocius
818 2487 948 2553 ecclesie
966 2488 1231 2570 Osnaburgensis,
1254 2489 1411 2573 copiosius
1433 2490 1465 2553 in
1487 2509 1522 2554 se
1535 2489 1781 2554 familiaritatem

438 2602 469 2662 et
501 2599 701 2665 dilectionem
731 2596 873 2661 invitent.
917 2595 969 2662 Ad
1001 2596 1186 2662 instantiam
1220 2597 1319 2663 eciam
1358 2600 1391 2663 et
1421 2598 1607 2680 petitionem
1639 2597 1781 2680 predicte

436 2709 553 2775 sororis
574 2711 683 2772 nostre
705 2704 868 2770 abbatisse
890 2704 949 2769 loci
971 2706 1127 2788 eiusdem,
1149 2708 1238 2790 cujus
1260 2707 1390 2798 consilio
1411 2706 1472 2772 hec
1487 2706 1595 2772 omnia
1612 2710 1685 2772 acta
1706 2708 1781 2771 sunt

437 2817 479 2882 ad
501 2815 730 2881 exaltacionem
761 2817 792 2878 et
813 2815 1044 2878 incrementum
1076 2814 1156 2878 illius
1182 2813 1254 2879 licet
1281 2833 1346 2880 non
1376 2832 1469 2894 nove,
1500 2815 1649 2879 innovate
1671 2816 1781 2879 tamen

436 2923 645 3007 plantacionis
677 2922 821 2986 bannum
855 2921 998 3004 ejusdem
1032 2922 1172 3002 ecclesie,
1206 2923 1260 3005 qui
1291 2925 1387 2988 antea
1416 2923 1460 2988 ad
1485 2922 1624 2988 officium
1652 2922 1781 2989 scolaris

437 3031 628 3113 pertinebat,
658 3029 874 3095 consentiente
902 3032 969 3093 tarn
999 3028 1164 3094 scolastico
1197 3049 1295 3112 quam
1327 3034 1395 3095 tota
1423 3030 1555 3096 eeclesia
1584 3036 1695 3096 nostra
1722 3028 1782 3113 ipsi

436 3140 627 3206 contulimus
656 3138 786 3203 ecclesie
816 3141 972 3221 perpetua
993 3138 1164 3204 stabilitate
1185 3158 1388 3217 mansurum3
1423 3140 1527 3205 eidem
1555 3140 1721 3204 scolastico
1751 3141 1782 3203 et

436 3249 501 3341 suis
515 3246 750 3313 successoribus
766 3247 798 3310 in
814 3249 1143 3330 recompensationem
1159 3249 1256 3314 banni
1272 3249 1405 3332 predicti
1419 3249 1619 3332 assignantes
1635 3249 1781 3314 bannum

436 3358 470 3422 in
490 3355 743 3439 Langenvorden
767 3359 798 3421 et
819 3356 852 3419 in
872 3354 1013 3420 Bachem
1035 3359 1067 3420 et
1094 3355 1246 3441 Vestorpe
1269 3361 1301 3422 et
1323 3357 1496 3441 Cappelen.
1539 3356 1587 3421 Ne
1608 3361 1718 3421 autern
1740 3355 1781 3421 ab

437 3465 545 3549 aliquo
566 3483 785 3531 successorum
816 3467 999 3529 nostrorum
1028 3484 1080 3529 res
1107 3468 1173 3530 tam
1195 3465 1403 3548 solempniter
1424 3469 1496 3531 acta
1517 3464 1660 3531 revocari
1681 3465 1783 3548 possit

437 3575 471 3640 in
492 3575 626 3640 dubium
646 3574 696 3638 vel
718 3574 750 3637 in
772 3574 905 3652 irritum,
937 3577 1119 3656 presentem
1149 3576 1299 3656 paginam
1327 3573 1417 3657 sigilli
1445 3575 1544 3639 nostri
1568 3573 1778 3656 impressione

438 3683 668 3748 roboravimus.
714 3682 796 3746 Acta
836 3684 945 3746 autem
987 3684 1062 3746 sunt
1102 3680 1179 3746 hec:
1221 3700 1306 3747 anno
1344 3681 1510 3747 Dominice
1549 3682 1779 3747 incarnacionis

437 3790 635 3868 M⁰CC⁰IX03
668 3788 887 3856 consentiente
919 3791 987 3854 tota
1019 3789 1151 3854 ecclesia
1184 3790 1438 3872 Osnaburgensi;
1470 3789 1674 3873 presentibus
1707 3808 1780 3872 pre·

438 3900 543 3984 posito
571 3901 695 3982 majore
727 3897 884 3974 Heinrico,
914 3897 1018 3962 Olrico
1049 3897 1224 3977 scolastico,
1255 3897 1419 3963 Lantlrido
1440 3898 1582 3978 custode,
1611 3897 1780 3963 Wicboldo

438 4008 600 4086 canonico,
622 4005 783 4071 Liudvvico
805 4007 957 4071 canonico
979 4009 1010 4070 et
1032 4006 1100 4071 aliis
1122 4006 1384 4090 quampluribus
1406 4005 1524 4072 clericis
1547 4009 1578 4071 et
1601 4006 1698 4072 laicis.

542 4146 562 4215 ¹)
579 4150 703 4200 nostrum
722 4146 785 4213 Cop.

437 4406 483 4473 41.
504 4443 547 4457 -
568 4406 781 4491 ardentum.
804 4405 896 4476 1209.

605 4540 687 4623 (brai
714 4540 790 4608 utto
819 4558 877 4607 oon
900 4539 1096 4623 vecanam
1122 4538 1269 4621 verunae
1303 4539 1360 4622 bat
1393 4558 1424 4607 et
1456 4541 1510 4608 ben
1541 4540 1648 4623 leinem
1678 4541 1779 4627 burg:

604 4668 713 4717 monne
743 4648 831 4734 bago
858 4667 917 4716 oon
939 4648 1040 4729 botae
1066 4668 1100 4733 t¹¹
1123 4649 1217 4734 tieteu
1247 4650 1449 4733 allegettrauen
1472 4648 1533 4732 boi
1554 4650 1778 4737 Roggelagc1)

603 4758 667 4825 bem
688 4756 802 4837 oravet
824 4756 947 4825 dorcam
976 4760 1153 4842 libcrtrcgcu
1184 4758 1243 4825 aab
1272 4756 1361 4839 balitt
1389 4776 1457 4825 nom
1490 4757 1604 4837 ittoitct
1636 4759 1691 4826 ten
1719 4758 1781 4843 bol

603 4864 820 4930 Scononhorst
839 4863 1069 4949 guetdctbatten
1093 4865 1174 4949 tote.

709 4995 854 5068 baninu:
872 4995 967 5066 bebio
984 4996 1029 5055 bet
1040 4996 1161 5067 litoteta
1173 4995 1291 5057 tottam.
1309 4997 1406 5056 ibrum
1425 5006 1478 5056 bon
1496 4996 1662 5070 potetatem
1682 4998 1780 5059 boten·

710 5082 774 5152 berg
791 5080 875 5143 aaa.
894 5082 930 5135 lll
948 5079 1082 5151 (boccum)
1100 5080 1151 5140 nt.
1168 5084 1210 5141 34.

426 5252 429 5257 ’
542 5248 563 5315 ¹)
581 5246 637 5318 aaa
654 5246 716 5311 uod
734 5256 758 5305 a.
776 5245 935 5317 potentem
953 5260 977 5301 c.
996 5261 1021 5304 o.
1039 5245 1077 5304 b.
1106 5261 1165 5311 „om
1189 5246 1390 5304 brinbetmotbe
1417 5246 1516 5306 unmeit
1543 5247 1780 5319 bdelfirvgtrouten

439 5330 494 5389 aab
512 5329 773 5401 brot-tlottiugm'
793 5331 855 5400 (δὴ.
873 5327 1034 5399 ltienbaeg).
