4250 6109
999 718 1067 775 1209
1661 702 1702 767 33

474 880 677 945 Innocentius
695 882 860 964 episcopus
877 901 987 947 servus
1004 901 1169 947 serrorum
1186 881 1244 945 Dei
1263 881 1496 947 venerabilibus
1511 880 1660 946 iratribus
1672 932 1702 948 ..

357 987 600 1053 Monasteriensi
618 992 648 1054 et
664 990 903 1072 Osnaburgensi
922 989 1078 1073 episcopis
1095 992 1127 1054 et
1143 990 1351 1072 suffraganeis
1367 989 1550 1055 Bremensis
1572 989 1702 1055 ecclesie

358 1096 494 1161 salutem
529 1103 561 1162 et
593 1098 800 1181 apostolicam
832 1099 1097 1164 benedictionem.
1143 1097 1224 1163 Cum
1259 1098 1304 1162 vir
1336 1099 1462 1181 iniquus
1495 1101 1525 1162 et
1555 1101 1702 1180 apostata

358 1204 583 1270 Waldemarus
614 1207 778 1288 quondam
811 1208 978 1290 episcopus
1010 1207 1244 1273 Stesewicensis
1276 1208 1317 1273 ad
1350 1208 1461 1272 sedem
1493 1207 1700 1290 apostolicam

359 1314 544 1377 accessisset
572 1334 629 1396 per
657 1333 729 1379 cam
759 1315 798 1379 de
826 1315 995 1380 durissimo
1018 1334 1144 1380 carcere
1166 1315 1327 1394 liberatus,
1355 1316 1386 1379 in
1410 1334 1474 1398 quo
1496 1315 1561 1380 suis
1583 1314 1703 1380 meritis

360 1418 414 1484 diu
436 1420 539 1485 iuerat
561 1421 708 1486 detentus
731 1422 879 1502 inclusus,
913 1428 944 1488 et
966 1443 1025 1488 nos
1049 1425 1076 1488 ei
1098 1424 1331 1488 humanitatem
1353 1423 1573 1488 omnimodam
1596 1427 1703 1488 osten·

359 1526 436 1592 dere
469 1547 680 1607 curassemus,
714 1531 891 1612 exagitatus
922 1551 986 1596 non
1018 1531 1124 1596 divino
1156 1531 1266 1614 spiritu
1299 1533 1356 1598 sed
1388 1533 1527 1614 maligno
1558 1552 1579 1597 a
1610 1533 1703 1598 nobis

358 1635 504 1701 clanculo
533 1637 732 1703 illicentiatus
760 1640 914 1704 abscessit
942 1638 1055 1704 collate
1084 1641 1142 1704 sibi
1172 1641 1271 1722 gratie
1293 1660 1327 1705 se
1350 1641 1523 1721 osteudens
1544 1641 1703 1722 ingratum

359 1748 391 1810 et
412 1745 689 1812 amministrationi
711 1748 891 1813 Bremensis
914 1748 1043 1813 ecclesie
1066 1747 1212 1831 nequiter
1233 1767 1267 1812 se
1290 1748 1427 1830 ingessit,
1452 1748 1547 1831 priori
1572 1749 1703 1813 ecclesia

357 1857 482 1920 temere
515 1855 673 1934 derelicta,
705 1875 771 1920 non
802 1875 916 1921 curans
942 1856 1119 1955 advertere,
1149 1857 1235 1939 quod
1264 1857 1442 1921 secundum
1472 1857 1625 1922 canonica
1653 1859 1704 1921 in·

358 1963 480 2044 stituta,
514 1965 588 2047 quia
621 1965 773 2031 cathedra
801 1964 897 2049 priori
927 1964 1054 2029 deserta
1083 1963 1152 2028 sine
1173 1964 1311 2029 Romani
1341 1964 1496 2048 pontilicis
1526 1965 1705 2032 coniventia

359 2074 555 2156 presumpsit
584 2073 626 2138 ad
655 2073 749 2138 aliam
775 2093 810 2138 se
831 2073 1012 2151 transferre,
1041 2075 1073 2136 et
1101 2071 1206 2156 prima
1235 2092 1344 2138 carere
1372 2073 1488 2139 debeat
1520 2092 1617 2156 quam
1646 2093 1704 2157 per

356 2181 543 2263 superbiam
566 2182 685 2265 sprevit
707 2185 738 2246 et
760 2181 868 2264 repelli
890 2180 1112 2246 nichilominus
1134 2198 1153 2245 a
1175 2180 1316 2246 secunda
1339 2200 1436 2264 quam
1457 2200 1516 2264 per
1538 2182 1703 2247 avaritiam

357 2286 552 2370 concupivit3
574 2291 741 2371 presertim
764 2309 836 2354 eum
859 2289 889 2352 in
912 2289 1072 2370 presentia
1095 2292 1205 2354 nostra
1226 2288 1358 2353 dilectus
1376 2289 1469 2368 filius,
1483 2292 1704 2372 ..prepositus

356 2398 459 2462 sancti
476 2397 562 2460 Lucii
577 2397 838 2483 Reslrildensis(!)
856 2397 884 2460 ei
901 2397 966 2461 lese
982 2398 1175 2479 magestatis,
1198 2396 1368 2478 apostasie,
1391 2398 1546 2477 adulterii,
1564 2400 1703 2482 perjurii,

356 2504 594 2588 dilapidationis
629 2509 660 2569 et
693 2506 932 2588 conspirationis
964 2506 1094 2571 crimina
1127 2505 1303 2589 objecisset,
1339 2506 1490 2589 quodque
1523 2506 1702 2589 irregularis

358 2615 519 2692 existeret,
554 2617 663 2697 utpote
697 2615 737 2680 de
770 2614 885 2696 duplici
918 2613 1073 2678 adulterio
1108 2618 1292 2696 procreatus
1329 2614 1566 2696 dispensatione
1604 2614 1703 2697 ipsius

358 2722 432 2787 olim
457 2722 499 2786 ab
522 2722 696 2804 apostolica
718 2722 794 2786 sede
816 2741 874 2805 per
896 2721 1135 2803 subreptionem
1158 2723 1298 2800 obtenta,
1322 2741 1494 2805 suppresso
1516 2722 1603 2805 quod
1617 2726 1703 2786 esset

357 2831 486 2913 spurius
509 2833 541 2894 et
563 2849 714 2912 expresso
737 2831 823 2913 quod
844 2831 993 2894 existeret
1008 2829 1170 2908 naturalis,
1193 2849 1266 2894 cum
1282 2833 1314 2895 et
1329 2834 1463 2913 paterne
1479 2830 1703 2896 incontinentia

358 2941 499 3004 imitator
527 2938 608 3003 filios
638 2939 755 3003 habeat
786 2941 859 3022 post
889 2957 996 3002 sacros
1026 2939 1154 3002 ordines
1184 2943 1362 3020 generatos,
1393 2959 1455 3023 que
1483 2940 1590 3005 omnia
1616 2939 1703 3004 idem

357 3047 539 3130 prepositus
562 3050 674 3111 contra
695 3066 769 3110 eum
791 3066 826 3110 se
849 3047 962 3112 obtulit
983 3048 1205 3130 probaturum.
1250 3047 1402 3126 Quamvis
1430 3067 1505 3130 ergo
1537 3047 1703 3112 durissime

358 3156 614 3221 animadvertere
643 3156 857 3239 potuissemus
885 3157 916 3220 in
946 3176 1030 3233 eum,
1061 3158 1134 3239 quia
1166 3159 1274 3221 tamen
1305 3157 1399 3221 sedes
1428 3156 1603 3239 apostolica
1628 3175 1704 3220 cou-

358 3264 460 3328 suevit
483 3264 728 3328 mansuetudine
751 3267 929 3347 temperare
951 3267 1098 3347 rigorem,
1129 3285 1246 3349 penam
1277 3268 1334 3350 ipsi
1358 3265 1499 3330 debitam
1522 3265 1704 3332 differentes

359 3372 401 3435 ad
427 3375 566 3454 tempus,
596 3371 830 3436 venerabilibus
859 3373 1007 3438 iratribus
1036 3376 1152 3438 nostris
1173 3373 1438 3456 Magdeburgensi
1467 3372 1705 3454 archiepiscopo

358 3479 491 3563 suisque
512 3480 719 3561 suffraganeis
742 3485 773 3546 et
803 3483 892 3546 vobis
922 3483 1059 3547 districte
1091 3483 1236 3548 dedimus
1266 3482 1297 3545 in
1326 3481 1494 3564 preceptis
1525 3483 1561 3545 ut
1582 3479 1705 3562 prefato

359 3587 570 3652 Waldemaro
601 3593 752 3672 exparte
776 3594 885 3654 nostra
907 3590 1045 3655 districte
1067 3589 1230 3674 precipere
1251 3590 1413 3667 curaretis,
1442 3589 1591 3671 quatinus
1618 3589 1706 3652 omni

360 3697 566 3763 excusatione
600 3716 638 3760 ac
671 3688 820 3761 dilatione
853 3703 998 3763 cessante
1030 3699 1112 3763 inira
1143 3718 1288 3763 mensem
1320 3700 1393 3780 post
1425 3697 1705 3761 commonitionem

359 3811 502 3872 vestram
531 3807 592 3870 iter
621 3808 765 3890 arriperit
794 3807 835 3872 ad
866 3807 976 3871 sedem
999 3805 1215 3888 apostolicam
1229 3804 1377 3869 veniendi
1400 3806 1524 3870 veniam
1547 3806 1706 3871 humiliter

360 3916 533 3998 petiturus3
563 3914 703 3998 alioquin
733 3935 772 3979 ex
799 3920 874 3981 tunc
896 3915 1022 3980 sublato
1045 3915 1211 3999 cujuslibet
1234 3913 1488 3978 contradictionis
1511 3918 1542 3979 et
1563 3914 1707 3996 appella-

361 4023 457 4090 tionis
487 4023 653 4088 obstaculo
684 4023 863 4105 depositum
891 4027 921 4088 et
945 4024 1154 4105 degradatum
1185 4023 1226 4086 ab
1255 4024 1340 4086 omni
1371 4022 1581 4087 ecclesiastico
1603 4022 1707 4088 officio

363 4137 395 4197 et
415 4132 574 4197 beneficio
595 4133 784 4196 auctoritate
806 4134 914 4196 nostra
929 4132 1156 4196 denuntiaretis
1173 4133 1312 4196 eundem
1328 4135 1358 4195 et
1375 4130 1521 4195 faceretis
1540 4135 1705 4214 tamquam

362 4241 669 4308 anathematizatum
704 4258 807 4323 usque
844 4239 885 4303 ad
923 4239 1168 4303 satisfactionem
1207 4239 1397 4320 condignam
1434 4240 1551 4304 arctius
1583 4240 1707 4318 evitari;

364 4350 514 4415 omnibus
545 4349 766 4413 nichilominus
796 4347 984 4426 inhibentes,
1020 4368 1059 4412 ne
1088 4349 1158 4429 quis
1189 4349 1216 4411 ei
1247 4347 1482 4412 communicare
1509 4352 1708 4431 presumeret
1805 4361 1807 4364 ’

364 4458 414 4522 vel
441 4458 560 4534 favere,
591 4456 635 4520 ita
670 4457 756 4539 quod
789 4457 813 4519 si
844 4457 897 4538 qui
925 4456 1032 4520 venire
1063 4457 1094 4520 in
1123 4457 1315 4520 contrarium
1344 4458 1578 4538 attemptarent,
1612 4456 1709 4520 laicos

364 4564 551 4648 hujusmodi
572 4564 890 4630 excommunicationi
912 4566 1072 4648 subjectos
1095 4568 1126 4628 et
1148 4565 1345 4629 aBremensi
1368 4563 1499 4628 ecclesia
1515 4563 1707 4628 beneficium

366 4675 548 4739 obtinentes
570 4691 609 4736 eo
639 4674 881 4755 inperpetuum
913 4673 1075 4755 spoliatos,
1105 4673 1233 4738 clericos
1260 4676 1368 4736 autem
1390 4672 1577 4736 auctoritate
1600 4675 1709 4736 nostra

366 4783 554 4848 nuntiaretis
570 4783 657 4845 omni
679 4781 888 4846 ecclesiastico
909 4782 1065 4846 beneflcio
1083 4785 1114 4845 et
1130 4782 1233 4846 officio
1255 4782 1431 4859 destitutos,
1454 4781 1611 4845 civitatem
1634 4800 1710 4845 vero

367 4911 423 4956 seu
446 4893 586 4956 castrum
608 4892 663 4954 aut
685 4890 849 4954 hominum
876 4891 1091 4972 quodcunque
1112 4909 1292 4968 commune,
1315 4889 1341 4952 si
1359 4891 1470 4953 contra
1491 4887 1709 4952 inhibitionem

367 4997 551 5082 hujusmodi
586 4997 670 5062 dicto
703 4996 909 5062 Waldemaro
944 5001 1167 5081 presumerent
1203 4998 1368 5075 adherere,
1403 4996 1625 5078 supponeretis
1663 4996 1710 5060 di·

368 5107 563 5171 strictissime
593 5107 767 5182 interdicto,
802 5107 844 5170 ita
874 5108 958 5189 quod
989 5112 1097 5190 preter
1126 5108 1316 5189 penitentias
1344 5106 1547 5170 morientium
1577 5109 1608 5170 et
1636 5125 1710 5189 par·

367 5216 515 5281 autorum
548 5215 707 5299 baptisma
739 5216 860 5280 nullum
893 5216 935 5280 ibi
969 5216 1110 5280 divinum
1143 5214 1280 5279 officium
1314 5213 1501 5296 nullumque
1533 5213 1712 5279 celebretur

369 5307 614 5389 ecclesiasticum
645 5327 890 5389 sacramentum.
935 5322 1030 5401 Quod
1060 5323 1087 5386 si
1116 5322 1186 5406 quis
1216 5323 1346 5388 clericus
1379 5323 1519 5402 violaret,
1551 5323 1594 5387 ab
1624 5323 1709 5386 omni

464 5448 849 5504 actitarentur-auen.
930 5492 933 5503 ,
1502 5420 1520 5483 3
