4250 6109
454 665 495 729 56
1093 676 1158 730 1217

455 847 591 927 quatuor
622 842 789 908 excedatis.
832 841 944 905 Preter
971 841 1030 905 hec
1060 839 1161 905 eciam
1192 840 1249 921 ipsi
1280 838 1441 904 abbatisse
1474 838 1571 904 talem
1601 839 1794 921 potestatem
1847 882 1850 888 -

455 953 592 1031 indulsit,
614 955 649 1016 ut
665 952 745 1018 circa
761 950 881 1016 debiles
903 952 959 1015 aut
975 947 1162 1033 infirmos(!)
1184 947 1216 1011 in
1239 947 1354 1013 eodem
1375 947 1512 1012 claustro
1531 945 1748 1011 deservientes
1765 945 1794 1008 in

454 1060 600 1125 carnibus
623 1060 827 1125 comedendis
857 1059 989 1123 liberam
1012 1057 1123 1122 habuit
1144 1057 1350 1139 dispensandi
1373 1055 1564 1122 facultatem.
1608 1055 1675 1119 Nos
1704 1055 1795 1136 igitur

453 1169 571 1234 lactum
585 1169 818 1251 predecessoris
835 1168 931 1231 nostri
954 1169 1020 1230 tam
1036 1164 1243 1230 memorabile
1264 1165 1417 1244 volentes,
1440 1165 1520 1228 sicut
1535 1167 1694 1242 tenemur,
1716 1182 1793 1227 con-

453 1278 579 1342 firmare
590 1277 729 1341 districte
745 1276 834 1341 vobis
847 1276 1047 1359 precipimus,
1065 1280 1222 1357 quatenus
1238 1274 1413 1357 predictam
1429 1293 1536 1338 rerum
1556 1271 1795 1338 ordinacionem

452 1406 509 1469 per
542 1386 649 1450 omnia
681 1384 834 1449 studeatis
867 1383 1051 1466 adimplere.
1096 1384 1212 1447 Datum
1249 1401 1335 1447 anno
1368 1382 1531 1448 Dominice
1571 1380 1796 1446 incarnationis

451 1493 687 1569 M⁰CC⁰XVll⁰;
713 1493 916 1576 pontificatus
939 1491 1038 1556 nostri
1062 1510 1148 1556 anno
1170 1492 1283 1575 primo.

452 1866 502 1933 77.
525 1905 566 1915 --
592 1865 685 1936 1217.

619 1996 800 2078 nemorosa
822 1994 909 2074 Dtto,
938 1994 1137 2075 annuebant
1160 1994 1296 2079 dasbath
1329 1996 1389 2063 aab
1416 1997 1472 2062 bos
1495 2013 1583 2080 ponae
1604 1994 1795 2078 ibomcopitct

620 2104 805 2174 beurtunben
834 2106 880 2172 bie
907 2104 1053 2187 &lituro
1084 2103 1135 2170 bct
1156 2103 1293 2189 &estleia
1324 2106 1374 2171 bct
1403 2104 1530 2189 heiligen
1552 2104 1721 2189 §alburino
1754 2105 1794 2171 tm

617 2215 716 2282 monte
747 2214 831 2295 buada
864 2214 918 2281 ben
951 2213 1116 2280 conculcor
1149 2212 1325 2294 hermonim
1368 2212 1459 2294 biclct
1493 2213 1611 2280 nibmct
1643 2215 1716 2296 bapt
1750 2215 1794 2280 bic

619 2322 776 2405 dictitnttc
806 2333 863 2389 oua
894 2323 987 2388 einen
1009 2321 1123 2398 domuc
1151 2321 1197 2387 bct
1229 2322 1279 2389 bec
1301 2321 1493 2405 lttttcnburq,
1524 2321 1645 2403 matthan
1673 2340 1705 2388 cr
1736 2340 1794 2389 non

619 2430 781 2512 lantberto
804 2430 918 2516 uelauit
940 2430 1019 2513 butte
1050 2430 1110 2495 unt
1134 2447 1192 2496 non
1215 2430 1544 2514 nonannoeane
1567 2430 1790 2509 dtunbtbdca,

618 2540 735 2622 melden
768 2558 799 2606 ct
832 2557 890 2606 non
923 2539 1049 2622 {labana
1083 2556 1141 2605 oon
1175 2537 1274 2618 litate,
1306 2538 1371 2605 ben
1403 2537 1577 2606 ttomuubc
1607 2539 1792 2607 seratura

619 2649 713 2729 trinea
735 2649 875 2718 titubata
897 2648 1022 2715 bertolt
1045 2666 1104 2714 oon
1127 2646 1227 2727 litate,
1247 2646 1398 2715 acanthon
1421 2647 1482 2730 bot.

716 2781 858 2851 Datotnol:
878 2780 1048 2850 montmarin.
1086 2779 1183 2837 illurn:
1203 2779 1296 2850 lthtrt
1314 2781 1364 2837 ar.
1385 2782 1443 2835 114.
1480 2826 1483 2835 .

579 2901 619 2963 ln
641 2901 766 2964 acontiae
786 2906 892 2964 sancte
913 2906 942 2964 el
963 2900 1129 2964 irzdioiduc
1149 2900 1329 2966 lbiuitalis.
1353 2900 1458 2986 opto)
1480 2903 1583 2984 major
1603 2902 1793 2984 prepositus,

451 3009 665 3095 G(crhardus)
679 3009 820 3072 decanus
834 3011 1003 3091 totumque
1019 3008 1192 3091 capitulum
1209 3010 1336 3092 maj0ris
1354 3009 1485 3074 ecclesie
1496 3009 1632 3075 Osnabr.
1646 3011 1795 3076 omnibus

450 3119 606 3202 presentis
619 3119 734 3200 pagine
745 3117 975 3200 inspectoribus
987 3117 1122 3182 salutem
1134 3120 1165 3182 in
1182 3138 1220 3184 eo
1237 3120 1290 3202 qui
1306 3122 1354 3183 est
1366 3119 1453 3184 salus
1464 3118 1617 3184 omnium.
1641 3117 1795 3196 Quotiens

451 3228 483 3291 in
504 3227 611 3309 aliqua
633 3227 764 3292 ccclesia
787 3225 928 3291 divinum
950 3225 1088 3291 officium
1108 3230 1140 3290 et
1156 3227 1214 3291 Dei
1230 3228 1331 3293 cultus
1354 3247 1393 3291 ex
1410 3227 1625 3293 consolatione
1646 3225 1795 3293 iratribus

420 3366 426 3385 ·
450 3335 621 3401 constituta
638 3339 820 3400 reverenter
837 3336 1007 3419 ampliatur
1027 3356 1093 3401 non
1117 3340 1165 3401 est
1187 3356 1430 3420 supervacuum,
1452 3342 1488 3403 ut
1510 3337 1554 3402 rei
1570 3341 1659 3420 geste
1679 3337 1795 3403 noticia

451 3446 603 3528 scripture
626 3445 775 3527 suffragio
798 3446 838 3509 ad
861 3448 1006 3527 posteros
1024 3449 1151 3511 nostros
1168 3447 1408 3525 transmittatur,
1431 3451 1466 3511 ut
1483 3447 1662 3529 legentibus
1677 3449 1795 3530 pariter

450 3557 482 3618 ct
504 3553 705 3618 audientibus
730 3553 890 3619 intellecta
920 3558 986 3619 tam
1017 3556 1068 3636 pie
1099 3554 1276 3620 devotionis
1304 3555 1459 3619 hilaritate
1485 3556 1528 3620 ad
1558 3555 1793 3621 consolationes

415 3694 419 3703 Δ
451 3663 600 3728 iratribus
622 3663 818 3727 exhibendas
841 3663 1031 3728 desiderium
1056 3665 1217 3730 excitetur.
1260 3663 1378 3729 Notum
1407 3663 1501 3744 igitur
1529 3665 1569 3727 sit
1590 3668 1656 3728 tam
1679 3664 1793 3730 suturis

451 3791 549 3856 quam
570 3773 782 3855 presentibus,
805 3774 892 3856 quod
908 3773 1113 3839 Hermannus
1136 3775 1285 3840 sacerdos
1307 3774 1441 3838 vicarius
1464 3775 1494 3838 in
1517 3775 1649 3839 ecclesia
1672 3776 1793 3859 majore

411 3922 414 3926 ·
451 3881 582 3947 contulit
607 3882 710 3947 eidem
734 3882 864 3947 ecclesie
886 3885 997 3966 majori
1019 3884 1051 3947 in
1074 3883 1195 3948 honore
1217 3884 1310 3948 beate
1331 3883 1464 3949 MARIE
1484 3884 1611 3967 virginis
1638 3888 1670 3948 et
1697 3884 1792 3950 beate

450 3989 600 4055 Katcrine
623 3991 786 4073 quendam
808 4011 956 4075 campum
980 3993 1075 4056 situm
1094 3993 1185 4074 Juxta
1205 3992 1375 4074 Lintberge
1398 3993 1450 4071 ita,
1480 3996 1516 4056 ut
1541 3992 1671 4075 singulis
1701 3993 1792 4057 annis

451 4100 590 4164 celebret
620 4103 796 4164 conventus
827 4103 936 4165 noster
966 4101 1083 4164 festum
1113 4101 1209 4165 beate
1236 4100 1385 4165 Katerine
1418 4101 1636 4184 sollempniter
1666 4102 1792 4168 duobus

451 4209 587 4273 dominis
613 4208 746 4273 chorum
772 4209 1018 4292 previdentibus.
1062 4208 1209 4274 Prelatus
1239 4228 1314 4273 vero
1344 4208 1577 4297 H(ermannus)
1604 4212 1792 4292 pensionem

451 4317 581 4400 predicti
603 4317 707 4400 campi
729 4318 878 4383 iratribus
901 4319 1017 4383 nostris
1038 4318 1082 4382 ita
1105 4317 1261 4383 ordinavit
1277 4317 1428 4397 distribui,
1451 4323 1487 4383 ut
1501 4319 1614 4401 singuli
1629 4319 1743 4385 fratres
1762 4321 1792 4385 in

451 4426 593 4509 predicto
616 4425 697 4491 festo
718 4426 894 4509 percipiant
915 4427 995 4492 duos
1019 4426 1165 4491 denarios
1188 4430 1218 4491 et
1241 4426 1382 4507 obulum,
1411 4431 1475 4492 tres
1506 4432 1651 4503 cantores
1677 4449 1737 4512 pro
1758 4448 1792 4493 se

451 4554 548 4618 super
569 4553 690 4599 nonum
713 4535 950 4618 responsorium
972 4539 1035 4600 tres
1055 4536 1217 4613 denarios3
1240 4539 1386 4601 cantores
1406 4556 1482 4601 vero
1501 4557 1560 4620 pro
1580 4557 1615 4602 se
1635 4539 1793 4605 ordinabit

452 4642 698 4708 obedientiarius
720 4643 851 4725 predicti
873 4645 975 4726 campi
995 4645 1112 4710 scilicet
1128 4646 1230 4728 major
1245 4645 1395 4711 decanus.
1419 4644 1600 4710 Previsores
1617 4646 1705 4712 chori
1721 4667 1792 4731 per·

451 4753 568 4836 cipient
589 4753 670 4818 duos
692 4753 849 4832 denarios,
871 4754 935 4818 duo
958 4753 1078 4817 denarii
1099 4754 1260 4819 dabuntur
1282 4752 1322 4817 ad
1345 4752 1520 4832 luminaria,
1543 4754 1624 4819 duos
1644 4755 1792 4822 denarios

452 4861 625 4943 percipient
636 4860 840 4941 campanarii.
863 4860 1007 4925 Prelatus
1024 4864 1133 4926 autem
1147 4860 1350 4926 Hermannus
1362 4862 1539 4944 predictum
1554 4881 1705 4946 campum
1718 4865 1794 4929 emit

451 4988 511 5050 pro
527 4968 556 5031 X
571 4967 687 5031 marcis
705 4966 884 5032 Wolderico
907 4973 939 5033 ot
960 4988 1059 5033 uxore
1082 4989 1140 5033 sua
1159 4970 1362 5051 Hildeburga,
1383 4969 1522 5035 Kristina
1544 4972 1607 5036 lilia
1629 4973 1793 5057 utriusque

452 5078 591 5141 eundern
602 5095 752 5159 campum
764 5095 870 5141 coram
884 5078 1003 5141 civibus
1015 5079 1258 5159 resignantibus.
1274 5078 1325 5142 Ad
1338 5080 1491 5162 majorem
1504 5099 1579 5144 vcro
1591 5082 1793 5146 securitatem

453 5187 591 5250 eundem
608 5204 757 5267 campum
773 5185 916 5269 prelatus
929 5184 1126 5250 Woldericus
1142 5191 1272 5270 propter
1288 5187 1368 5251 duos
1383 5187 1462 5252 lilios
1478 5187 1638 5268 absentes,
1654 5208 1697 5253 ne
1713 5188 1793 5255 lortc

453 5297 649 5360 contractum
664 5294 889 5372 rescinderent,
906 5292 1011 5357 eidem
1025 5293 1156 5358 domino
1168 5293 1385 5382 H(ermanno)
1399 5296 1608 5379 inpignoravit
1623 5317 1683 5379 pro
1696 5298 1793 5363 XVlll
