4250 6109
962 708 1029 764 1202
1643 691 1663 755 7

324 875 456 938 verbum
474 875 623 956 apostoli:
646 871 909 953 „fundamentum
925 872 1066 954 positum
1088 875 1136 936 est
1158 876 1265 954 preter
1287 871 1374 955 quod
1394 872 1480 936 aliud
1501 873 1575 954 poni
1597 892 1663 936 non

322 987 438 1065 potest,
462 983 549 1066 quod
570 985 618 1046 est
640 980 783 1046 Christus
805 979 933 1056 ihesus3
955 981 1041 1045 unde
1062 984 1154 1063 porte
1176 980 1266 1045 inferi
1287 999 1353 1045 non
1374 980 1585 1062 prevalebunt
1606 981 1664 1045 ad-

322 1111 433 1155 versus
457 1097 561 1168 eam‘,
584 1090 734 1172 quoniam
757 1091 900 1153 conteret
911 1088 1066 1153 Dominus
1088 1108 1216 1153 omnem
1239 1089 1437 1153 altitudinem
1458 1108 1493 1152 se
1511 1089 1664 1153 adversus

323 1199 491 1263 ecclesiam
525 1198 727 1264 extollentem
761 1215 821 1261 nec
853 1197 955 1260 sevire
987 1196 1148 1278 permitlet
1181 1198 1301 1280 virgam
1332 1200 1536 1280 peccatorum
1568 1217 1665 1280 super

322 1311 442 1371 sortem
462 1308 633 1389 justorum,
656 1306 760 1371 sedin
781 1304 931 1369 baculum
953 1305 1165 1369 arundineum
1185 1307 1267 1371 hanc
1290 1308 1453 1371 convertet
1475 1309 1509 1369 ut
1532 1325 1662 1370 manum

322 1414 465 1498 perforet
485 1414 655 1479 innitentis.
696 1413 846 1478 Preterea
868 1432 933 1477 non
956 1417 1004 1477 est
1025 1413 1157 1478 ecclesia
1178 1415 1209 1479 in
1231 1414 1292 1479 hoc
1313 1414 1390 1479 sola.
1434 1415 1536 1479 lrnmo
1557 1418 1664 1496 preter

321 1523 482 1606 principes
503 1522 693 1587 Alamannie
715 1522 768 1604 qui
789 1521 854 1603 regi
876 1520 985 1585 favent
1007 1521 1111 1586 eidem
1132 1541 1216 1604 pene
1237 1523 1364 1605 penitus
1386 1524 1454 1587 tota
1476 1523 1574 1602 italla,
1602 1542 1664 1606 quc

322 1651 390 1696 non
411 1631 537 1695 modica
559 1631 681 1712 imperii
707 1647 782 1711 pars
804 1630 914 1707 extitit,
940 1634 1048 1694 nostre
1070 1649 1201 1712 prorsus
1224 1633 1271 1695 est
1293 1633 1438 1714 exposita
1459 1631 1612 1696 voluntati
1634 1634 1665 1696 et
1782 1712 1785 1719 Ι

322 1739 375 1802 alii
397 1738 488 1802 multi
510 1736 688 1821 principum
715 1738 823 1802 nostre
852 1757 949 1821 super
977 1739 1039 1803 hoc
1065 1742 1243 1822 sequuntur
1262 1740 1460 1823 propositum
1483 1742 1664 1807 voluntatis.

322 1847 416 1911 Unde
439 1866 503 1911 non
526 1848 574 1910 est
596 1844 795 1927 aliquatenus
812 1845 1034 1924 dubitandum,
1057 1847 1134 1929 quin
1149 1866 1357 1928 perseverans
1375 1849 1552 1914 constantia
1568 1849 1665 1913 linem
1767 1871 1769 1876 ·

323 1956 443 2020 tribuat
465 1958 660 2037 exoptatum.
683 1952 836 2017 Volumus
859 1955 964 2032 etiarn,
987 1957 1021 2018 ut
1043 1953 1193 2037 quicquid
1214 1954 1299 2019 idem
1320 1956 1472 2040 legatus1)
1488 1977 1584 2040 super
1605 1957 1666 2022 hoc

322 2065 450 2128 duxerit
471 2062 678 2126 statuendum
699 2061 832 2143 recipias
854 2061 1013 2125 humiliter
1035 2065 1066 2126 ct
1088 2062 1306 2127 inviolabiliter
1332 2064 1461 2129 studeas
1485 2065 1665 2132 observare.

321 2171 390 2235 Nos
413 2171 500 2234 enim
523 2167 715 2233 sententiam
737 2187 836 2250 quarn
857 2167 1085 2233 rationabiliter
1106 2169 1211 2234 tulerit
1232 2172 1264 2234 in
1286 2171 1421 2237 rebelles
1440 2176 1544 2237 ratam
1566 2174 1666 2238 habe-

321 2280 428 2344 bimus
453 2280 484 2342 et
508 2277 659 2342 faciemus
682 2280 811 2341 auctore
833 2276 969 2342 Domino
991 2277 1210 2343 inviolabiliter
1231 2279 1403 2345 observari.

451 2386 524 2449 Dal.
545 2384 701 2467 Anagnia.

430 2567 452 2635 ¹)
472 2564 673 2636 &retinuerat
691 2563 782 2624 butte
801 2573 854 2623 ron
871 2564 1031 2635 ilotetttim.

321 2926 372 2992 to.
397 2963 436 2973 -
463 2923 556 2994 1202

495 3055 577 3138 litai
593 3056 709 3124 &imon
731 3074 789 3123 non
806 3053 1001 3139 dedtenbmg
1022 3052 1127 3136 heitett
1149 3051 1204 3134 oui
1216 3052 1321 3121 littten
1343 3053 1437 3134 ieincr
1457 3052 1669 3133 metuuntur,

495 3165 546 3232 ter
567 3163 712 3243 ttcbttiim
734 3163 801 3230 uto
823 3181 882 3231 non
903 3162 1046 3242 ilteteten,
1069 3162 1131 3230 bret
1154 3161 1241 3243 etue,
1262 3162 1362 3245 netrbe
1391 3162 1436 3230 bie
1455 3161 1597 3243 itebtiiiur
1619 3179 1670 3245 gur

495 3272 688 3358 tieidoiiung
709 3290 769 3340 oon
791 3273 931 3341 tltettctn
953 3290 993 3339 un
1015 3272 1072 3339 boe
1094 3270 1208 3351 diriter
1231 3271 1370 3356 gelbcntt
1392 3273 1482 3358 batte,
1510 3288 1569 3339 oon
1591 3270 1668 3338 aileu

495 3380 747 3467 tlogtctabgoben.

597 3512 741 3583 bucinat:
770 3510 1073 3584 &otnmorfluotltbm
1099 3511 1194 3583 ttrtbiu
1220 3527 1252 3584 gu
1280 3512 1416 3583 boetium
1443 3512 1499 3582 bier
1525 3512 1586 3581 radi
1614 3514 1671 3572 ten

601 3598 727 3741 &egeln
744 3597 888 3668 {iugitate
906 3599 1105 3657 cntnommenen
1123 3597 1209 3659 feruet
1225 3596 1266 3656 bei
1279 3596 1388 3669 itietert,
1405 3597 1490 3660 llud.
1503 3600 1545 3666 IV,
1564 3598 1614 3659 itt.
1628 3603 1670 3669 58,

455 3798 529 3888 [ηπ
555 3800 680 3865 nomine
705 3804 812 3864 sancte
838 3804 867 3864 ct
892 3805 995 3864 earne
1024 3799 1204 3865 Trinitatis.
1249 3798 1320 3883 Epo
1345 3798 1455 3865 Simon
1476 3799 1541 3866 Dei
1562 3802 1673 3885 gratia

327 3928 429 3974 comes
451 3908 491 3972 dc
514 3907 707 3973 Telcneburc
736 3909 850 3973 notum
878 3907 958 3972 facio
987 3906 1141 3971 universis
1165 3906 1280 3972 Christi
1301 3907 1447 3972 fidelibus
1469 3913 1502 3974 et
1522 3911 1672 3992 precipue

327 4018 409 4081 meis
431 4015 578 4097 legitimis
600 4015 781 4093 heredibus,
805 4015 892 4098 quod
913 4018 1044 4097 propter
1066 4015 1265 4080 dilectionem
1288 4020 1319 4079 et
1340 4035 1451 4098 preces
1471 4016 1672 4084 dilectissime

326 4125 566 4206 consanguinee
587 4144 660 4190 mee
676 4101 746 4189 lide
762 4122 952 4189 venerabilis
973 4124 1135 4188 abbatisse
1156 4124 1189 4188 in
1210 4123 1347 4188 Metelen
1368 4129 1433 4189 tres
1455 4125 1567 4191 domos
1590 4145 1671 4208 quas

325 4236 398 4316 ipsa
430 4234 473 4298 ad
505 4233 693 4297 indumenta
722 4250 870 4296 sororum
903 4249 1033 4295 suarum
1066 4230 1279 4296 claustralium
1313 4233 1475 4315 deputavit
1507 4232 1548 4297 ab
1584 4233 1672 4299 omni

327 4340 482 4405 servitute
509 4344 541 4404 et
564 4339 717 4422 pensione
744 4359 807 4422 que
840 4340 880 4404 de
912 4339 1034 4403 ratione
1068 4340 1233 4404 advocatie
1263 4339 1358 4405 michi
1388 4360 1445 4405 seu
1474 4342 1569 4406 eliam
1599 4361 1671 4407 suc·

328 4448 511 4515 cessoribus
540 4447 620 4511 rneis
652 4448 762 4513 debuit
792 4452 824 4513 et
850 4448 925 4530 ipsis
946 4447 1114 4530 provenire
1136 4450 1262 4530 penitus
1285 4451 1388 4514 exemi
1410 4452 1443 4513 et
1464 4453 1671 4534 emancipari,

327 4558 388 4622 sed
410 4557 561 4621 atuitione
583 4559 615 4620 et
637 4555 822 4621 defensione
851 4576 949 4639 quam
976 4557 1044 4621 aliis
1066 4557 1159 4622 bonis
1180 4557 1230 4622 rel
1252 4558 1506 4640 possessionibus
1526 4560 1672 4643 eJusdem

329 4664 463 4731 ecclesie
485 4665 588 4730 debeo
609 4665 800 4747 pretendere
822 4664 1004 4730 nullatenus
1027 4665 1169 4731 exclusis
1200 4666 1285 4731 Sane
1307 4667 1512 4732 considerans
1534 4671 1566 4731 et
1586 4667 1672 4732 idem

329 4774 489 4839 heredum
522 4793 668 4838 meorum
699 4774 852 4838 memorie
881 4768 1120 4854 commendans,
1155 4776 1242 4857 quod
1273 4775 1397 4857 prelata
1427 4774 1587 4839 abbatissa
1612 4795 1672 4857 pro

329 4901 389 4947 sue
422 4882 538 4946 mentis
570 4882 749 4946 sinceritate
781 4882 897 4947 multas
930 4883 1122 4962 exactiones,
1155 4902 1235 4966 quas
1266 4884 1298 4946 in
1328 4882 1493 4948 advocatia
1521 4882 1573 4945 illa
1599 4901 1673 4947 mea

328 4991 504 5056 necessitas
522 5010 574 5055 me
592 4992 696 5056 lacere
719 4992 829 5073 coegit,
851 4990 933 5055 ultra
955 4990 1036 5054 vires
1058 4989 1203 5054 modeste
1225 4989 1380 5068 toleravit,
1402 4988 1553 5072 patientie
1575 4989 1673 5070 ipsius

329 5101 439 5183 aliqua
469 5099 502 5162 in
530 5103 621 5182 parte
650 5099 845 5181 respondere
874 5098 979 5163 curavi
1011 5100 1043 5160 et
1071 5096 1133 5162 hoc
1159 5097 1311 5180 scriptum
1333 5096 1449 5162 favoris
1471 5101 1502 5161 et
1523 5115 1673 5160 assensus

329 5209 393 5273 mei
416 5207 634 5272 testimonium
664 5226 736 5272 curn
758 5204 857 5287 sigillo
879 5223 952 5268 meo
974 5204 1017 5269 ad
1038 5203 1292 5269 recordationem
1318 5204 1390 5271 iacti
1412 5203 1546 5287 posteris
1567 5208 1673 5267 trans-

331 5316 412 5382 misi.
458 5313 580 5379 Domus
611 5318 720 5379 autern
750 5312 790 5377 de
822 5311 938 5395 quibus
967 5312 1070 5394 agitur
1090 5311 1151 5377 hec
1172 5317 1259 5378 sunt:
1292 5311 1526 5395 Ringerinchoi,
1558 5312 1673 5376 domus
