<?xml version="1.0" encoding="UTF-8"?>
<!DOCTYPE html PUBLIC "-//W3C//DTD XHTML 1.0 Transitional//EN"
    "http://www.w3.org/TR/xhtml1/DTD/xhtml1-transitional.dtd">
<html xmlns="http://www.w3.org/1999/xhtml" xml:lang="en" lang="en">
 <head>
  <title>
</title>
<meta http-equiv="Content-Type" content="text/html;charset=utf-8" />
  <meta name='ocr-system' content='tesseract 3.04.00' />
  <meta name='ocr-capabilities' content='ocr_page ocr_carea ocr_par ocr_line ocrx_word'/>
</head>
<body>
  <div class='ocr_page' id='page_1' title='image "./osnabrckerurkun00brgoog/osnabrckerurkun00brgoog_0208.png"; bbox 0 0 4250 6109; ppageno 0'>
   <div class='ocr_carea' id='block_1_1' title="bbox 1017 632 1722 715">
    <p class='ocr_par' dir='ltr' id='par_1_1' title="bbox 1017 632 1722 715">
     <span class='ocr_line' id='line_1_1' title="bbox 1017 632 1722 715; baseline -0.009 0"><span class='ocrx_word' id='word_1_1' title='bbox 1017 658 1085 715; x_wconf 75' lang='lat'>1229</span> <span class='ocrx_word' id='word_1_2' title='bbox 1431 632 1433 637; x_wconf 72' lang='lat'><em>&#39;</em></span> <span class='ocrx_word' id='word_1_3' title='bbox 1666 643 1722 710; x_wconf 82' lang='lat'>191</span> 
     </span>
    </p>
   </div>
   <div class='ocr_carea' id='block_1_2' title="bbox 366 820 1726 5006">
    <p class='ocr_par' dir='ltr' id='par_1_2' title="bbox 366 820 1726 5006">
     <span class='ocr_line' id='line_1_2' title="bbox 369 820 1725 907; baseline 0.003 -23"><span class='ocrx_word' id='word_1_4' title='bbox 369 820 459 884; x_wconf 89' lang='lat' dir='ltr'>omni</span> <span class='ocrx_word' id='word_1_5' title='bbox 481 820 654 888; x_wconf 85' lang='lat' dir='ltr'>devotione</span> <span class='ocrx_word' id='word_1_6' title='bbox 677 826 708 888; x_wconf 90' lang='lat' dir='ltr'>et</span> <span class='ocrx_word' id='word_1_7' title='bbox 730 841 795 905; x_wconf 92' lang='lat' dir='ltr'>quo</span> <span class='ocrx_word' id='word_1_8' title='bbox 817 827 967 907; x_wconf 88' lang='lat' dir='ltr'>poterant</span> <span class='ocrx_word' id='word_1_9' title='bbox 982 824 1054 907; x_wconf 88' lang='lat' dir='ltr'>jure</span> <span class='ocrx_word' id='word_1_10' title='bbox 1069 822 1218 906; x_wconf 84' lang='lat' dir='ltr'>predium</span> <span class='ocrx_word' id='word_1_11' title='bbox 1233 824 1274 888; x_wconf 92' lang='lat' dir='ltr'>de</span> <span class='ocrx_word' id='word_1_12' title='bbox 1289 822 1505 888; x_wconf 85' lang='lat' dir='ltr'>Luttherbeke</span> <span class='ocrx_word' id='word_1_13' title='bbox 1519 823 1552 887; x_wconf 92' lang='lat' dir='ltr'>in</span> <span class='ocrx_word' id='word_1_14' title='bbox 1568 822 1725 888; x_wconf 85' lang='lat' dir='ltr'>honorem</span> 
     </span>
     <span class='ocr_line' id='line_1_3' title="bbox 369 927 1726 1011; baseline 0.001 -19"><span class='ocrx_word' id='word_1_15' title='bbox 369 927 428 993; x_wconf 89' lang='lat' dir='ltr'>Dei</span> <span class='ocrx_word' id='word_1_16' title='bbox 450 932 490 993; x_wconf 89' lang='lat' dir='ltr'>et·</span> <span class='ocrx_word' id='word_1_17' title='bbox 505 930 592 995; x_wconf 89' lang='lat' dir='ltr'>beati</span> <span class='ocrx_word' id='word_1_18' title='bbox 614 931 777 997; x_wconf 89' lang='lat' dir='ltr'>Laurentii</span> <span class='ocrx_word' id='word_1_19' title='bbox 798 933 841 998; x_wconf 90' lang='lat' dir='ltr'>ad</span> <span class='ocrx_word' id='word_1_20' title='bbox 863 951 957 997; x_wconf 92' lang='lat' dir='ltr'>usum</span> <span class='ocrx_word' id='word_1_21' title='bbox 980 931 1114 996; x_wconf 75' lang='lat' dir='ltr'>fratrum</span> <span class='ocrx_word' id='word_1_22' title='bbox 1137 930 1333 997; x_wconf 89' lang='lat' dir='ltr'>Claholtensi</span> <span class='ocrx_word' id='word_1_23' title='bbox 1360 930 1563 997; x_wconf 88' lang='lat' dir='ltr'>contulerunt</span> <span class='ocrx_word' id='word_1_24' title='bbox 1595 931 1726 1011; x_wconf 79' lang='lat' dir='ltr'>ecclesie</span> 
     </span>
     <span class='ocr_line' id='line_1_4' title="bbox 370 1035 1726 1124; baseline 0.002 -24"><span class='ocrx_word' id='word_1_25' title='bbox 370 1035 506 1103; x_wconf 89' lang='lat' dir='ltr'>fideliter</span> <span class='ocrx_word' id='word_1_26' title='bbox 537 1038 714 1121; x_wconf 87' lang='lat' dir='ltr'>protestati,</span> <span class='ocrx_word' id='word_1_27' title='bbox 748 1040 842 1105; x_wconf 89' lang='lat' dir='ltr'>nichil</span> <span class='ocrx_word' id='word_1_28' title='bbox 871 1040 951 1124; x_wconf 90' lang='lat' dir='ltr'>juris</span> <span class='ocrx_word' id='word_1_29' title='bbox 984 1041 1015 1104; x_wconf 91' lang='lat' dir='ltr'>in</span> <span class='ocrx_word' id='word_1_30' title='bbox 1049 1041 1165 1105; x_wconf 88' lang='lat' dir='ltr'>eodem</span> <span class='ocrx_word' id='word_1_31' title='bbox 1198 1059 1234 1104; x_wconf 89' lang='lat' dir='ltr'>se</span> <span class='ocrx_word' id='word_1_32' title='bbox 1267 1038 1388 1103; x_wconf 88' lang='lat' dir='ltr'>habere</span> <span class='ocrx_word' id='word_1_33' title='bbox 1421 1039 1542 1122; x_wconf 87' lang='lat' dir='ltr'>predio.</span> <span class='ocrx_word' id='word_1_34' title='bbox 1585 1039 1726 1104; x_wconf 84' lang='lat' dir='ltr'>Ecclesia</span> 
     </span>
     <span class='ocr_line' id='line_1_5' title="bbox 370 1143 1725 1230; baseline 0.004 -24"><span class='ocrx_word' id='word_1_35' title='bbox 370 1143 464 1225; x_wconf 89' lang='lat' dir='ltr'>igitur</span> <span class='ocrx_word' id='word_1_36' title='bbox 496 1163 629 1210; x_wconf 90' lang='lat' dir='ltr'>suorum</span> <span class='ocrx_word' id='word_1_37' title='bbox 666 1147 799 1212; x_wconf 92' lang='lat' dir='ltr'>consilio</span> <span class='ocrx_word' id='word_1_38' title='bbox 836 1147 1028 1213; x_wconf 89' lang='lat' dir='ltr'>arbitrorum</span> <span class='ocrx_word' id='word_1_39' title='bbox 1068 1167 1125 1211; x_wconf 85' lang='lat' dir='ltr'>sex</span> <span class='ocrx_word' id='word_1_40' title='bbox 1162 1166 1288 1212; x_wconf 88' lang='lat' dir='ltr'>marcas</span> <span class='ocrx_word' id='word_1_41' title='bbox 1323 1147 1529 1212; x_wconf 88' lang='lat' dir='ltr'>denariorum</span> <span class='ocrx_word' id='word_1_42' title='bbox 1562 1146 1725 1230; x_wconf 92' lang='lat' dir='ltr'>sepedicto</span> 
     </span>
     <span class='ocr_line' id='line_1_6' title="bbox 371 1251 1725 1339; baseline 0.003 -24"><span class='ocrx_word' id='word_1_43' title='bbox 371 1251 535 1319; x_wconf 90' lang='lat' dir='ltr'>Wiuaudo</span> <span class='ocrx_word' id='word_1_44' title='bbox 565 1257 597 1318; x_wconf 92' lang='lat' dir='ltr'>et</span> <span class='ocrx_word' id='word_1_45' title='bbox 623 1255 687 1320; x_wconf 92' lang='lat' dir='ltr'>suis</span> <span class='ocrx_word' id='word_1_46' title='bbox 716 1255 786 1320; x_wconf 89' lang='lat' dir='ltr'>filiis</span> <span class='ocrx_word' id='word_1_47' title='bbox 816 1256 913 1335; x_wconf 90' lang='lat' dir='ltr'>dedit,</span> <span class='ocrx_word' id='word_1_48' title='bbox 947 1257 1097 1339; x_wconf 77' lang='lat' dir='ltr'>quatinus</span> <span class='ocrx_word' id='word_1_49' title='bbox 1127 1257 1213 1320; x_wconf 87' lang='lat' dir='ltr'>idern</span> <span class='ocrx_word' id='word_1_50' title='bbox 1243 1257 1390 1338; x_wconf 85' lang='lat' dir='ltr'>predium</span> <span class='ocrx_word' id='word_1_51' title='bbox 1422 1255 1558 1339; x_wconf 89' lang='lat' dir='ltr'>quietius</span> <span class='ocrx_word' id='word_1_52' title='bbox 1591 1258 1624 1318; x_wconf 89' lang='lat' dir='ltr'>et</span> <span class='ocrx_word' id='word_1_53' title='bbox 1656 1256 1725 1319; x_wconf 91' lang='lat' dir='ltr'>sine</span> 
     </span>
     <span class='ocr_line' id='line_1_7' title="bbox 371 1361 1725 1447; baseline 0.003 -25"><span class='ocrx_word' id='word_1_54' title='bbox 371 1361 456 1424; x_wconf 91' lang='lat' dir='ltr'>omni</span> <span class='ocrx_word' id='word_1_55' title='bbox 480 1361 630 1443; x_wconf 90' lang='lat' dir='ltr'>scrupulo</span> <span class='ocrx_word' id='word_1_56' title='bbox 660 1361 812 1446; x_wconf 84' lang='lat' dir='ltr'>deinceps</span> <span class='ocrx_word' id='word_1_57' title='bbox 842 1364 1006 1447; x_wconf 89' lang='lat' dir='ltr'>possidere</span> <span class='ocrx_word' id='word_1_58' title='bbox 1027 1362 1130 1446; x_wconf 80' lang='lat' dir='ltr'>possit</span> <span class='ocrx_word' id='word_1_59' title='bbox 1151 1365 1302 1430; x_wconf 90' lang='lat' dir='ltr'>securius.</span> <span class='ocrx_word' id='word_1_60' title='bbox 1346 1363 1497 1428; x_wconf 89' lang='lat' dir='ltr'>Preterea</span> <span class='ocrx_word' id='word_1_61' title='bbox 1519 1382 1725 1446; x_wconf 88' lang='lat' dir='ltr'>summopere</span> 
     </span>
     <span class='ocr_line' id='line_1_8' title="bbox 370 1467 1725 1556; baseline 0.002 -25"><span class='ocrx_word' id='word_1_62' title='bbox 370 1467 550 1549; x_wconf 88' lang='lat' dir='ltr'>sciendum,</span> <span class='ocrx_word' id='word_1_63' title='bbox 579 1470 667 1552; x_wconf 89' lang='lat' dir='ltr'>quod</span> <span class='ocrx_word' id='word_1_64' title='bbox 694 1471 778 1536; x_wconf 88' lang='lat' dir='ltr'>idem</span> <span class='ocrx_word' id='word_1_65' title='bbox 801 1471 982 1536; x_wconf 90' lang='lat' dir='ltr'>Winandus</span> <span class='ocrx_word' id='word_1_66' title='bbox 1005 1470 1131 1536; x_wconf 79' lang='lat' dir='ltr'>Helreth</span> <span class='ocrx_word' id='word_1_67' title='bbox 1157 1475 1190 1535; x_wconf 92' lang='lat' dir='ltr'>et</span> <span class='ocrx_word' id='word_1_68' title='bbox 1215 1469 1269 1535; x_wconf 85' lang='lat' dir='ltr'>tilii</span> <span class='ocrx_word' id='word_1_69' title='bbox 1295 1470 1343 1535; x_wconf 94' lang='lat' dir='ltr'>sui</span> <span class='ocrx_word' id='word_1_70' title='bbox 1365 1468 1546 1556; x_wconf 72' lang='lat' dir='ltr'>Atlbertus)</span> <span class='ocrx_word' id='word_1_71' title='bbox 1576 1474 1608 1535; x_wconf 90' lang='lat' dir='ltr'>et</span> <span class='ocrx_word' id='word_1_72' title='bbox 1634 1470 1725 1555; x_wconf 92' lang='lat' dir='ltr'>P(hi-</span> 
     </span>
     <span class='ocr_line' id='line_1_9' title="bbox 370 1575 1725 1663; baseline 0.004 -24"><span class='ocrx_word' id='word_1_73' title='bbox 370 1575 501 1660; x_wconf 89' lang='lat' dir='ltr'>lippus),</span> <span class='ocrx_word' id='word_1_74' title='bbox 541 1577 622 1643; x_wconf 88' lang='lat' dir='ltr'>sicut</span> <span class='ocrx_word' id='word_1_75' title='bbox 653 1577 877 1661; x_wconf 88' lang='lat' dir='ltr'>promiserant,</span> <span class='ocrx_word' id='word_1_76' title='bbox 917 1579 1004 1662; x_wconf 86' lang='lat' dir='ltr'>apud</span> <span class='ocrx_word' id='word_1_77' title='bbox 1041 1578 1149 1644; x_wconf 86' lang='lat' dir='ltr'>villam</span> <span class='ocrx_word' id='word_1_78' title='bbox 1186 1599 1249 1662; x_wconf 87' lang='lat' dir='ltr'>que</span> <span class='ocrx_word' id='word_1_79' title='bbox 1286 1581 1399 1645; x_wconf 91' lang='lat' dir='ltr'>dicitur</span> <span class='ocrx_word' id='word_1_80' title='bbox 1431 1579 1603 1645; x_wconf 86' lang='lat' dir='ltr'>Dhabroke</span> <span class='ocrx_word' id='word_1_81' title='bbox 1632 1583 1725 1663; x_wconf 85' lang='lat' dir='ltr'>juxta</span> 
     </span>
     <span class='ocr_line' id='line_1_10' title="bbox 371 1683 1724 1770; baseline 0.003 -22"><span class='ocrx_word' id='word_1_82' title='bbox 371 1683 503 1749; x_wconf 79' lang='lat' dir='ltr'>fluvium</span> <span class='ocrx_word' id='word_1_83' title='bbox 527 1685 672 1769; x_wconf 88' lang='lat' dir='ltr'>Lippiarn</span> <span class='ocrx_word' id='word_1_84' title='bbox 703 1687 734 1750; x_wconf 92' lang='lat' dir='ltr'>in</span> <span class='ocrx_word' id='word_1_85' title='bbox 762 1688 849 1768; x_wconf 89' lang='lat' dir='ltr'>regio</span> <span class='ocrx_word' id='word_1_86' title='bbox 876 1686 986 1751; x_wconf 90' lang='lat' dir='ltr'>banno</span> <span class='ocrx_word' id='word_1_87' title='bbox 1015 1686 1142 1768; x_wconf 90' lang='lat' dir='ltr'>publice</span> <span class='ocrx_word' id='word_1_88' title='bbox 1165 1690 1196 1751; x_wconf 92' lang='lat' dir='ltr'>et</span> <span class='ocrx_word' id='word_1_89' title='bbox 1218 1706 1283 1770; x_wconf 87' lang='lat' dir='ltr'>qua</span> <span class='ocrx_word' id='word_1_90' title='bbox 1305 1688 1468 1753; x_wconf 88' lang='lat' dir='ltr'>debebant</span> <span class='ocrx_word' id='word_1_91' title='bbox 1490 1687 1724 1770; x_wconf 87' lang='lat' dir='ltr'>sollempnitate</span> 
     </span>
     <span class='ocr_line' id='line_1_11' title="bbox 372 1791 1724 1877; baseline 0.004 -22"><span class='ocrx_word' id='word_1_92' title='bbox 372 1791 456 1856; x_wconf 89' lang='lat' dir='ltr'>idem</span> <span class='ocrx_word' id='word_1_93' title='bbox 473 1795 620 1876; x_wconf 87' lang='lat' dir='ltr'>predium</span> <span class='ocrx_word' id='word_1_94' title='bbox 638 1793 854 1858; x_wconf 80' lang='lat' dir='ltr'>Luttherbclre</span> <span class='ocrx_word' id='word_1_95' title='bbox 872 1793 1068 1859; x_wconf 84' lang='lat' dir='ltr'>Claholtensi</span> <span class='ocrx_word' id='word_1_96' title='bbox 1089 1798 1344 1876; x_wconf 87' lang='lat' dir='ltr'>recognoverunt</span> <span class='ocrx_word' id='word_1_97' title='bbox 1361 1795 1503 1875; x_wconf 89' lang='lat' dir='ltr'>ecclesie,</span> <span class='ocrx_word' id='word_1_98' title='bbox 1525 1796 1724 1877; x_wconf 73' lang='lat' dir='ltr'>resignantes</span> 
     </span>
     <span class='ocr_line' id='line_1_12' title="bbox 371 1901 1723 1987; baseline 0.004 -24"><span class='ocrx_word' id='word_1_99' title='bbox 371 1901 606 1983; x_wconf 88' lang='lat' dir='ltr'>impeticionem</span> <span class='ocrx_word' id='word_1_100' title='bbox 640 1904 671 1967; x_wconf 90' lang='lat' dir='ltr'>et</span> <span class='ocrx_word' id='word_1_101' title='bbox 704 1902 890 1967; x_wconf 87' lang='lat' dir='ltr'>recedentes</span> <span class='ocrx_word' id='word_1_102' title='bbox 924 1903 967 1967; x_wconf 89' lang='lat' dir='ltr'>ab</span> <span class='ocrx_word' id='word_1_103' title='bbox 1000 1901 1088 1966; x_wconf 88' lang='lat' dir='ltr'>omni</span> <span class='ocrx_word' id='word_1_104' title='bbox 1117 1903 1200 1986; x_wconf 84' lang='lat' dir='ltr'>jure,</span> <span class='ocrx_word' id='word_1_105' title='bbox 1237 1904 1263 1966; x_wconf 93' lang='lat' dir='ltr'>si</span> <span class='ocrx_word' id='word_1_106' title='bbox 1299 1904 1386 1986; x_wconf 92' lang='lat' dir='ltr'>quod</span> <span class='ocrx_word' id='word_1_107' title='bbox 1420 1906 1452 1968; x_wconf 94' lang='lat' dir='ltr'>in</span> <span class='ocrx_word' id='word_1_108' title='bbox 1481 1904 1593 1987; x_wconf 89' lang='lat' dir='ltr'>predio</span> <span class='ocrx_word' id='word_1_109' title='bbox 1626 1907 1659 1968; x_wconf 90' lang='lat' dir='ltr'>et</span> <span class='ocrx_word' id='word_1_110' title='bbox 1692 1904 1723 1968; x_wconf 92' lang='lat' dir='ltr'>in</span> 
     </span>
     <span class='ocr_line' id='line_1_13' title="bbox 371 2009 1724 2094; baseline 0.001 -22"><span class='ocrx_word' id='word_1_111' title='bbox 371 2009 522 2073; x_wconf 92' lang='lat' dir='ltr'>omnibus</span> <span class='ocrx_word' id='word_1_112' title='bbox 543 2010 654 2092; x_wconf 88' lang='lat' dir='ltr'>predio</span> <span class='ocrx_word' id='word_1_113' title='bbox 677 2011 882 2076; x_wconf 83' lang='lat' dir='ltr'>attinentibus</span> <span class='ocrx_word' id='word_1_114' title='bbox 905 2010 1085 2075; x_wconf 82' lang='lat' dir='ltr'>habuerant</span> <span class='ocrx_word' id='word_1_115' title='bbox 1106 2009 1157 2074; x_wconf 90' lang='lat' dir='ltr'>vel</span> <span class='ocrx_word' id='word_1_116' title='bbox 1179 2010 1329 2075; x_wconf 89' lang='lat' dir='ltr'>habuisse</span> <span class='ocrx_word' id='word_1_117' title='bbox 1351 2013 1509 2094; x_wconf 90' lang='lat' dir='ltr'>poterant.</span> <span class='ocrx_word' id='word_1_118' title='bbox 1533 2009 1724 2076; x_wconf 85' lang='lat' dir='ltr'>Godelridus</span> 
     </span>
     <span class='ocr_line' id='line_1_14' title="bbox 370 2115 1725 2202; baseline 0.001 -22"><span class='ocrx_word' id='word_1_119' title='bbox 370 2117 477 2199; x_wconf 81' lang='lat' dir='ltr'>itaque</span> <span class='ocrx_word' id='word_1_120' title='bbox 500 2115 761 2202; x_wconf 83' lang='lat' dir='ltr'>dhiucgravius1)</span> <span class='ocrx_word' id='word_1_121' title='bbox 788 2117 874 2183; x_wconf 91' lang='lat' dir='ltr'>idem</span> <span class='ocrx_word' id='word_1_122' title='bbox 904 2119 1050 2201; x_wconf 91' lang='lat' dir='ltr'>predium</span> <span class='ocrx_word' id='word_1_123' title='bbox 1081 2119 1263 2202; x_wconf 82' lang='lat' dir='ltr'>supradicte</span> <span class='ocrx_word' id='word_1_124' title='bbox 1294 2120 1355 2184; x_wconf 91' lang='lat' dir='ltr'>sub</span> <span class='ocrx_word' id='word_1_125' title='bbox 1383 2120 1481 2201; x_wconf 87' lang='lat' dir='ltr'>regali</span> <span class='ocrx_word' id='word_1_126' title='bbox 1509 2120 1619 2184; x_wconf 91' lang='lat' dir='ltr'>banno</span> <span class='ocrx_word' id='word_1_127' title='bbox 1647 2137 1725 2183; x_wconf 92' lang='lat' dir='ltr'>con-</span> 
     </span>
     <span class='ocr_line' id='line_1_15' title="bbox 371 2222 1724 2310; baseline 0.003 -23"><span class='ocrx_word' id='word_1_128' title='bbox 371 2222 509 2288; x_wconf 84' lang='lat' dir='ltr'>firmavit</span> <span class='ocrx_word' id='word_1_129' title='bbox 540 2224 672 2305; x_wconf 83' lang='lat' dir='ltr'>ecclesie</span> <span class='ocrx_word' id='word_1_130' title='bbox 704 2227 735 2288; x_wconf 90' lang='lat' dir='ltr'>et</span> <span class='ocrx_word' id='word_1_131' title='bbox 766 2227 866 2291; x_wconf 88' lang='lat' dir='ltr'>tribus</span> <span class='ocrx_word' id='word_1_132' title='bbox 888 2227 1017 2307; x_wconf 87' lang='lat' dir='ltr'>vicibus,</span> <span class='ocrx_word' id='word_1_133' title='bbox 1051 2228 1132 2292; x_wconf 91' lang='lat' dir='ltr'>sicut</span> <span class='ocrx_word' id='word_1_134' title='bbox 1161 2226 1280 2306; x_wconf 89' lang='lat' dir='ltr'>debuit,</span> <span class='ocrx_word' id='word_1_135' title='bbox 1310 2246 1423 2310; x_wconf 90' lang='lat' dir='ltr'>pacem</span> <span class='ocrx_word' id='word_1_136' title='bbox 1446 2227 1572 2291; x_wconf 85' lang='lat' dir='ltr'>firmam</span> <span class='ocrx_word' id='word_1_137' title='bbox 1596 2231 1628 2290; x_wconf 90' lang='lat' dir='ltr'>et</span> <span class='ocrx_word' id='word_1_138' title='bbox 1650 2246 1724 2310; x_wconf 90' lang='lat' dir='ltr'>per·</span> 
     </span>
     <span class='ocr_line' id='line_1_16' title="bbox 369 2331 1725 2419; baseline 0.002 -24"><span class='ocrx_word' id='word_1_139' title='bbox 369 2334 501 2413; x_wconf 88' lang='lat' dir='ltr'>petuam</span> <span class='ocrx_word' id='word_1_140' title='bbox 528 2331 688 2396; x_wconf 88' lang='lat' dir='ltr'>sententia</span> <span class='ocrx_word' id='word_1_141' title='bbox 717 2333 792 2415; x_wconf 88' lang='lat' dir='ltr'>regii</span> <span class='ocrx_word' id='word_1_142' title='bbox 821 2335 919 2399; x_wconf 88' lang='lat' dir='ltr'>banni</span> <span class='ocrx_word' id='word_1_143' title='bbox 945 2335 1122 2401; x_wconf 88' lang='lat' dir='ltr'>inbannivit</span> <span class='ocrx_word' id='word_1_144' title='bbox 1154 2335 1283 2399; x_wconf 89' lang='lat' dir='ltr'>mittens</span> <span class='ocrx_word' id='word_1_145' title='bbox 1314 2335 1535 2399; x_wconf 88' lang='lat' dir='ltr'>nichilominus</span> <span class='ocrx_word' id='word_1_146' title='bbox 1566 2354 1624 2399; x_wconf 92' lang='lat' dir='ltr'>suo</span> <span class='ocrx_word' id='word_1_147' title='bbox 1651 2337 1725 2419; x_wconf 88' lang='lat' dir='ltr'>jure</span> 
     </span>
     <span class='ocr_line' id='line_1_17' title="bbox 370 2439 1725 2525; baseline 0.003 -22"><span class='ocrx_word' id='word_1_148' title='bbox 370 2444 402 2504; x_wconf 88' lang='lat' dir='ltr'>et</span> <span class='ocrx_word' id='word_1_149' title='bbox 431 2458 498 2524; x_wconf 91' lang='lat' dir='ltr'>quo</span> <span class='ocrx_word' id='word_1_150' title='bbox 530 2439 640 2504; x_wconf 89' lang='lat' dir='ltr'>debuit</span> <span class='ocrx_word' id='word_1_151' title='bbox 667 2441 780 2505; x_wconf 93' lang='lat' dir='ltr'>ordine</span> <span class='ocrx_word' id='word_1_152' title='bbox 810 2443 1012 2524; x_wconf 87' lang='lat' dir='ltr'>presentibus</span> <span class='ocrx_word' id='word_1_153' title='bbox 1040 2442 1147 2508; x_wconf 89' lang='lat' dir='ltr'>liberis</span> <span class='ocrx_word' id='word_1_154' title='bbox 1175 2445 1208 2506; x_wconf 90' lang='lat' dir='ltr'>et</span> <span class='ocrx_word' id='word_1_155' title='bbox 1229 2440 1367 2506; x_wconf 88' lang='lat' dir='ltr'>scabinis</span> <span class='ocrx_word' id='word_1_156' title='bbox 1390 2441 1628 2507; x_wconf 73' lang='lat' dir='ltr'>claholtensem</span> <span class='ocrx_word' id='word_1_157' title='bbox 1650 2462 1725 2525; x_wconf 87' lang='lat' dir='ltr'>pre-</span> 
     </span>
     <span class='ocr_line' id='line_1_18' title="bbox 368 2548 1725 2634; baseline 0.002 -21"><span class='ocrx_word' id='word_1_158' title='bbox 368 2548 511 2631; x_wconf 89' lang='lat' dir='ltr'>positum</span> <span class='ocrx_word' id='word_1_159' title='bbox 534 2553 567 2613; x_wconf 90' lang='lat' dir='ltr'>et</span> <span class='ocrx_word' id='word_1_160' title='bbox 589 2549 755 2614; x_wconf 87' lang='lat' dir='ltr'>ecclesiam</span> <span class='ocrx_word' id='word_1_161' title='bbox 778 2551 810 2614; x_wconf 91' lang='lat' dir='ltr'>in</span> <span class='ocrx_word' id='word_1_162' title='bbox 831 2551 1069 2632; x_wconf 87' lang='lat' dir='ltr'>possessionem</span> <span class='ocrx_word' id='word_1_163' title='bbox 1097 2551 1240 2633; x_wconf 78' lang='lat' dir='ltr'>eJusdem</span> <span class='ocrx_word' id='word_1_164' title='bbox 1270 2551 1371 2633; x_wconf 93' lang='lat' dir='ltr'>predii</span> <span class='ocrx_word' id='word_1_165' title='bbox 1393 2553 1425 2614; x_wconf 87' lang='lat' dir='ltr'>et</span> <span class='ocrx_word' id='word_1_166' title='bbox 1446 2551 1590 2616; x_wconf 89' lang='lat' dir='ltr'>omnium</span> <span class='ocrx_word' id='word_1_167' title='bbox 1612 2551 1725 2634; x_wconf 91' lang='lat' dir='ltr'>predio</span> 
     </span>
     <span class='ocr_line' id='line_1_19' title="bbox 369 2656 1725 2740; baseline 0.001 -18"><span class='ocrx_word' id='word_1_168' title='bbox 369 2659 584 2725; x_wconf 89' lang='lat' dir='ltr'>attinentium.</span> <span class='ocrx_word' id='word_1_169' title='bbox 628 2658 697 2724; x_wconf 92' lang='lat' dir='ltr'>Hec</span> <span class='ocrx_word' id='word_1_170' title='bbox 726 2660 770 2723; x_wconf 89' lang='lat' dir='ltr'>ita</span> <span class='ocrx_word' id='word_1_171' title='bbox 800 2662 873 2723; x_wconf 89' lang='lat' dir='ltr'>acta</span> <span class='ocrx_word' id='word_1_172' title='bbox 903 2677 983 2737; x_wconf 87' lang='lat' dir='ltr'>esse,</span> <span class='ocrx_word' id='word_1_173' title='bbox 1015 2659 1097 2722; x_wconf 90' lang='lat' dir='ltr'>sicut</span> <span class='ocrx_word' id='word_1_174' title='bbox 1123 2656 1299 2740; x_wconf 90' lang='lat' dir='ltr'>prescripta</span> <span class='ocrx_word' id='word_1_175' title='bbox 1327 2661 1410 2736; x_wconf 90' lang='lat' dir='ltr'>sunt,</span> <span class='ocrx_word' id='word_1_176' title='bbox 1441 2677 1548 2722; x_wconf 91' lang='lat' dir='ltr'>corarn</span> <span class='ocrx_word' id='word_1_177' title='bbox 1577 2658 1670 2723; x_wconf 91' lang='lat' dir='ltr'>nobis</span> <span class='ocrx_word' id='word_1_178' title='bbox 1693 2662 1725 2724; x_wconf 92' lang='lat' dir='ltr'>et</span> 
     </span>
     <span class='ocr_line' id='line_1_20' title="bbox 370 2765 1725 2850; baseline 0.001 -21"><span class='ocrx_word' id='word_1_179' title='bbox 370 2766 444 2830; x_wconf 83' lang='lat' dir='ltr'>viris</span> <span class='ocrx_word' id='word_1_180' title='bbox 465 2765 610 2831; x_wconf 89' lang='lat' dir='ltr'>honestis</span> <span class='ocrx_word' id='word_1_181' title='bbox 640 2767 727 2850; x_wconf 91' lang='lat' dir='ltr'>apud</span> <span class='ocrx_word' id='word_1_182' title='bbox 749 2766 937 2849; x_wconf 89' lang='lat' dir='ltr'>Strombcrg</span> <span class='ocrx_word' id='word_1_183' title='bbox 964 2767 1050 2831; x_wconf 90' lang='lat' dir='ltr'>idem</span> <span class='ocrx_word' id='word_1_184' title='bbox 1073 2765 1252 2830; x_wconf 89' lang='lat' dir='ltr'>Winandus</span> <span class='ocrx_word' id='word_1_185' title='bbox 1275 2765 1402 2829; x_wconf 88' lang='lat' dir='ltr'>Heketh</span> <span class='ocrx_word' id='word_1_186' title='bbox 1431 2769 1462 2830; x_wconf 89' lang='lat' dir='ltr'>et</span> <span class='ocrx_word' id='word_1_187' title='bbox 1491 2767 1644 2849; x_wconf 93' lang='lat' dir='ltr'>sepedicti</span> <span class='ocrx_word' id='word_1_188' title='bbox 1672 2765 1725 2830; x_wconf 90' lang='lat' dir='ltr'>tilii</span> 
     </span>
     <span class='ocr_line' id='line_1_21' title="bbox 368 2873 1724 2957; baseline 0 -19"><span class='ocrx_word' id='word_1_189' title='bbox 368 2874 416 2938; x_wconf 90' lang='lat' dir='ltr'>sui</span> <span class='ocrx_word' id='word_1_190' title='bbox 439 2874 592 2940; x_wconf 85' lang='lat' dir='ltr'>Albertus</span> <span class='ocrx_word' id='word_1_191' title='bbox 614 2878 646 2939; x_wconf 88' lang='lat' dir='ltr'>et</span> <span class='ocrx_word' id='word_1_192' title='bbox 666 2873 831 2957; x_wconf 90' lang='lat' dir='ltr'>Philippus</span> <span class='ocrx_word' id='word_1_193' title='bbox 853 2875 979 2957; x_wconf 92' lang='lat' dir='ltr'>publice</span> <span class='ocrx_word' id='word_1_194' title='bbox 1001 2877 1075 2938; x_wconf 91' lang='lat' dir='ltr'>sunt</span> <span class='ocrx_word' id='word_1_195' title='bbox 1097 2873 1273 2956; x_wconf 87' lang='lat' dir='ltr'>protestati.</span> <span class='ocrx_word' id='word_1_196' title='bbox 1301 2873 1341 2938; x_wconf 94' lang='lat' dir='ltr'>Ut</span> <span class='ocrx_word' id='word_1_197' title='bbox 1364 2874 1456 2955; x_wconf 89' lang='lat' dir='ltr'>igitur</span> <span class='ocrx_word' id='word_1_198' title='bbox 1477 2874 1537 2937; x_wconf 93' lang='lat' dir='ltr'>hec</span> <span class='ocrx_word' id='word_1_199' title='bbox 1558 2877 1628 2939; x_wconf 91' lang='lat' dir='ltr'>rata</span> <span class='ocrx_word' id='word_1_200' title='bbox 1650 2894 1724 2957; x_wconf 91' lang='lat' dir='ltr'>per·</span> 
     </span>
     <span class='ocr_line' id='line_1_22' title="bbox 369 2978 1724 3069; baseline 0 -23"><span class='ocrx_word' id='word_1_201' title='bbox 369 2986 523 3046; x_wconf 89' lang='lat' dir='ltr'>maneant</span> <span class='ocrx_word' id='word_1_202' title='bbox 545 2986 578 3046; x_wconf 87' lang='lat' dir='ltr'>et</span> <span class='ocrx_word' id='word_1_203' title='bbox 599 2981 701 3062; x_wconf 89' lang='lat' dir='ltr'>firma,</span> <span class='ocrx_word' id='word_1_204' title='bbox 724 2985 907 3065; x_wconf 90' lang='lat' dir='ltr'>presentem</span> <span class='ocrx_word' id='word_1_205' title='bbox 925 2978 1106 3069; x_wconf 88' lang='lat' dir='ltr'>[paginam]</span> <span class='ocrx_word' id='word_1_206' title='bbox 1130 2982 1308 3046; x_wconf 90' lang='lat' dir='ltr'>secundum</span> <span class='ocrx_word' id='word_1_207' title='bbox 1330 3001 1399 3045; x_wconf 91' lang='lat' dir='ltr'>rern</span> <span class='ocrx_word' id='word_1_208' title='bbox 1421 2985 1546 3064; x_wconf 90' lang='lat' dir='ltr'>gestam</span> <span class='ocrx_word' id='word_1_209' title='bbox 1568 2981 1724 3047; x_wconf 92' lang='lat' dir='ltr'>conscribi</span> 
     </span>
     <span class='ocr_line' id='line_1_23' title="bbox 368 3087 1724 3172; baseline 0.001 -19"><span class='ocrx_word' id='word_1_210' title='bbox 368 3093 400 3155; x_wconf 92' lang='lat' dir='ltr'>et</span> <span class='ocrx_word' id='word_1_211' title='bbox 416 3088 520 3172; x_wconf 92' lang='lat' dir='ltr'>sigillo</span> <span class='ocrx_word' id='word_1_212' title='bbox 535 3092 646 3154; x_wconf 88' lang='lat' dir='ltr'>nostro</span> <span class='ocrx_word' id='word_1_213' title='bbox 662 3089 794 3155; x_wconf 87' lang='lat' dir='ltr'>lecimus</span> <span class='ocrx_word' id='word_1_214' title='bbox 811 3090 938 3168; x_wconf 91' lang='lat' dir='ltr'>muniri,</span> <span class='ocrx_word' id='word_1_215' title='bbox 960 3090 1149 3153; x_wconf 90' lang='lat' dir='ltr'>auctoritate</span> <span class='ocrx_word' id='word_1_216' title='bbox 1170 3087 1226 3153; x_wconf 88' lang='lat' dir='ltr'>Dei</span> <span class='ocrx_word' id='word_1_217' title='bbox 1248 3090 1474 3172; x_wconf 89' lang='lat' dir='ltr'>omnipotentis</span> <span class='ocrx_word' id='word_1_218' title='bbox 1493 3093 1524 3154; x_wconf 87' lang='lat' dir='ltr'>ct</span> <span class='ocrx_word' id='word_1_219' title='bbox 1540 3094 1724 3155; x_wconf 89' lang='lat' dir='ltr'>sanctorum</span> 
     </span>
     <span class='ocr_line' id='line_1_24' title="bbox 366 3196 1726 3280; baseline 0.001 -18"><span class='ocrx_word' id='word_1_220' title='bbox 366 3196 590 3280; x_wconf 90' lang='lat' dir='ltr'>apostolorum</span> <span class='ocrx_word' id='word_1_221' title='bbox 612 3196 697 3261; x_wconf 90' lang='lat' dir='ltr'>Petri</span> <span class='ocrx_word' id='word_1_222' title='bbox 721 3201 753 3262; x_wconf 88' lang='lat' dir='ltr'>et</span> <span class='ocrx_word' id='word_1_223' title='bbox 774 3197 864 3262; x_wconf 90' lang='lat' dir='ltr'>Pauli</span> <span class='ocrx_word' id='word_1_224' title='bbox 894 3201 926 3261; x_wconf 88' lang='lat' dir='ltr'>et</span> <span class='ocrx_word' id='word_1_225' title='bbox 956 3199 1067 3260; x_wconf 87' lang='lat' dir='ltr'>nostra</span> <span class='ocrx_word' id='word_1_226' title='bbox 1096 3196 1156 3260; x_wconf 91' lang='lat' dir='ltr'>sub</span> <span class='ocrx_word' id='word_1_227' title='bbox 1186 3197 1401 3262; x_wconf 88' lang='lat' dir='ltr'>anathematis</span> <span class='ocrx_word' id='word_1_228' title='bbox 1430 3198 1555 3262; x_wconf 88' lang='lat' dir='ltr'>vinculo</span> <span class='ocrx_word' id='word_1_229' title='bbox 1586 3200 1726 3264; x_wconf 89' lang='lat' dir='ltr'>districte</span> 
     </span>
     <span class='ocr_line' id='line_1_25' title="bbox 367 3305 1725 3388; baseline 0.002 -19"><span class='ocrx_word' id='word_1_230' title='bbox 367 3305 592 3388; x_wconf 85' lang='lat' dir='ltr'>precipientes,</span> <span class='ocrx_word' id='word_1_231' title='bbox 619 3323 661 3369; x_wconf 90' lang='lat' dir='ltr'>ne</span> <span class='ocrx_word' id='word_1_232' title='bbox 683 3306 815 3387; x_wconf 91' lang='lat' dir='ltr'>predicti</span> <span class='ocrx_word' id='word_1_233' title='bbox 838 3305 986 3370; x_wconf 87' lang='lat' dir='ltr'>homiues</span> <span class='ocrx_word' id='word_1_234' title='bbox 1008 3305 1058 3369; x_wconf 90' lang='lat' dir='ltr'>vel</span> <span class='ocrx_word' id='word_1_235' title='bbox 1082 3324 1193 3370; x_wconf 89' lang='lat' dir='ltr'>corum</span> <span class='ocrx_word' id='word_1_236' title='bbox 1216 3305 1352 3370; x_wconf 91' lang='lat' dir='ltr'>heredes</span> <span class='ocrx_word' id='word_1_237' title='bbox 1374 3310 1430 3371; x_wconf 90' lang='lat' dir='ltr'>aut</span> <span class='ocrx_word' id='word_1_238' title='bbox 1452 3325 1652 3372; x_wconf 89' lang='lat' dir='ltr'>successores</span> <span class='ocrx_word' id='word_1_239' title='bbox 1675 3308 1725 3372; x_wconf 87' lang='lat' dir='ltr'>rel</span> 
     </span>
     <span class='ocr_line' id='line_1_26' title="bbox 367 3412 1726 3498; baseline 0.004 -21"><span class='ocrx_word' id='word_1_240' title='bbox 367 3412 466 3477; x_wconf 88' lang='lat' dir='ltr'>etiam</span> <span class='ocrx_word' id='word_1_241' title='bbox 501 3412 615 3495; x_wconf 91' lang='lat' dir='ltr'>aliquis</span> <span class='ocrx_word' id='word_1_242' title='bbox 649 3412 815 3477; x_wconf 89' lang='lat' dir='ltr'>hominurn</span> <span class='ocrx_word' id='word_1_243' title='bbox 850 3412 1088 3478; x_wconf 72' lang='lat' dir='ltr'>claholtensem</span> <span class='ocrx_word' id='word_1_244' title='bbox 1126 3413 1166 3477; x_wconf 90' lang='lat' dir='ltr'>de</span> <span class='ocrx_word' id='word_1_245' title='bbox 1199 3417 1305 3479; x_wconf 87' lang='lat' dir='ltr'>cetero</span> <span class='ocrx_word' id='word_1_246' title='bbox 1339 3415 1528 3498; x_wconf 90' lang='lat' dir='ltr'>perturbare</span> <span class='ocrx_word' id='word_1_247' title='bbox 1561 3419 1726 3498; x_wconf 90' lang='lat' dir='ltr'>presumat</span> 
     </span>
     <span class='ocr_line' id='line_1_27' title="bbox 367 3519 1723 3603; baseline 0.002 -18"><span class='ocrx_word' id='word_1_248' title='bbox 367 3519 536 3585; x_wconf 85' lang='lat' dir='ltr'>ecclesiam</span> <span class='ocrx_word' id='word_1_249' title='bbox 562 3520 593 3583; x_wconf 91' lang='lat' dir='ltr'>in</span> <span class='ocrx_word' id='word_1_250' title='bbox 621 3520 783 3603; x_wconf 86' lang='lat' dir='ltr'>sepedicto</span> <span class='ocrx_word' id='word_1_251' title='bbox 809 3521 921 3603; x_wconf 93' lang='lat' dir='ltr'>predio</span> <span class='ocrx_word' id='word_1_252' title='bbox 952 3520 992 3584; x_wconf 93' lang='lat' dir='ltr'>de</span> <span class='ocrx_word' id='word_1_253' title='bbox 1019 3520 1244 3585; x_wconf 87' lang='lat' dir='ltr'>Luttherbeke.</span> <span class='ocrx_word' id='word_1_254' title='bbox 1288 3521 1402 3586; x_wconf 86' lang='lat' dir='ltr'>Testes</span> <span class='ocrx_word' id='word_1_255' title='bbox 1433 3523 1474 3587; x_wconf 90' lang='lat' dir='ltr'>de</span> <span class='ocrx_word' id='word_1_256' title='bbox 1504 3523 1606 3587; x_wconf 82' lang='lat' dir='ltr'>torma</span> <span class='ocrx_word' id='word_1_257' title='bbox 1636 3543 1723 3589; x_wconf 90' lang='lat' dir='ltr'>com-</span> 
     </span>
     <span class='ocr_line' id='line_1_28' title="bbox 366 3628 1725 3713; baseline 0.001 -19"><span class='ocrx_word' id='word_1_258' title='bbox 366 3630 548 3712; x_wconf 89' lang='lat' dir='ltr'>positionis:</span> <span class='ocrx_word' id='word_1_259' title='bbox 581 3628 698 3693; x_wconf 82' lang='lat' dir='ltr'>&#39;l&#39;himo</span> <span class='ocrx_word' id='word_1_260' title='bbox 724 3630 875 3694; x_wconf 87' lang='lat' dir='ltr'>sacerdos</span> <span class='ocrx_word' id='word_1_261' title='bbox 905 3629 1064 3713; x_wconf 91' lang='lat' dir='ltr'>plebanus</span> <span class='ocrx_word' id='word_1_262' title='bbox 1088 3631 1119 3694; x_wconf 93' lang='lat' dir='ltr'>in</span> <span class='ocrx_word' id='word_1_263' title='bbox 1141 3628 1343 3711; x_wconf 82' lang='lat' dir='ltr'>Stromberg3</span> <span class='ocrx_word' id='word_1_264' title='bbox 1373 3629 1496 3694; x_wconf 90' lang='lat' dir='ltr'>nobiles</span> <span class='ocrx_word' id='word_1_265' title='bbox 1518 3630 1725 3695; x_wconf 90' lang='lat' dir='ltr'>Hermannus</span> 
     </span>
     <span class='ocr_line' id='line_1_29' title="bbox 367 3735 1725 3820; baseline 0 -18"><span class='ocrx_word' id='word_1_266' title='bbox 367 3738 558 3820; x_wconf 81' lang='lat' dir='ltr'>burgravius</span> <span class='ocrx_word' id='word_1_267' title='bbox 588 3738 628 3802; x_wconf 92' lang='lat' dir='ltr'>de</span> <span class='ocrx_word' id='word_1_268' title='bbox 657 3737 878 3820; x_wconf 87' lang='lat' dir='ltr'>Ruthenberg,</span> <span class='ocrx_word' id='word_1_269' title='bbox 914 3737 1082 3802; x_wconf 86' lang='lat' dir='ltr'>Conradus</span> <span class='ocrx_word' id='word_1_270' title='bbox 1113 3737 1302 3818; x_wconf 84' lang='lat' dir='ltr'>burgravius</span> <span class='ocrx_word' id='word_1_271' title='bbox 1332 3735 1365 3800; x_wconf 92' lang='lat' dir='ltr'>in</span> <span class='ocrx_word' id='word_1_272' title='bbox 1397 3737 1600 3819; x_wconf 87' lang='lat' dir='ltr'>Stromberg;</span> <span class='ocrx_word' id='word_1_273' title='bbox 1633 3737 1725 3802; x_wconf 90' lang='lat' dir='ltr'>mini-</span> 
     </span>
     <span class='ocr_line' id='line_1_30' title="bbox 367 3843 1725 3925; baseline 0 -15"><span class='ocrx_word' id='word_1_274' title='bbox 367 3845 514 3910; x_wconf 87' lang='lat' dir='ltr'>steriales</span> <span class='ocrx_word' id='word_1_275' title='bbox 542 3845 729 3911; x_wconf 83' lang='lat' dir='ltr'>Fredericus</span> <span class='ocrx_word' id='word_1_276' title='bbox 759 3847 799 3910; x_wconf 91' lang='lat' dir='ltr'>de</span> <span class='ocrx_word' id='word_1_277' title='bbox 821 3844 1074 3925; x_wconf 85' lang='lat' dir='ltr'>Thickenberge,</span> <span class='ocrx_word' id='word_1_278' title='bbox 1106 3844 1274 3925; x_wconf 87' lang='lat' dir='ltr'>Redgerus</span> <span class='ocrx_word' id='word_1_279' title='bbox 1296 3843 1336 3907; x_wconf 92' lang='lat' dir='ltr'>de</span> <span class='ocrx_word' id='word_1_280' title='bbox 1359 3843 1531 3920; x_wconf 88' lang='lat' dir='ltr'>Bekehem,</span> <span class='ocrx_word' id='word_1_281' title='bbox 1562 3844 1725 3910; x_wconf 86' lang='lat' dir='ltr'>Ricwiuus</span> 
     </span>
     <span class='ocr_line' id='line_1_31' title="bbox 368 3950 1722 4037; baseline -0.001 -19"><span class='ocrx_word' id='word_1_282' title='bbox 368 3955 477 4019; x_wconf 90' lang='lat' dir='ltr'>senior</span> <span class='ocrx_word' id='word_1_283' title='bbox 499 3957 531 4017; x_wconf 89' lang='lat' dir='ltr'>et</span> <span class='ocrx_word' id='word_1_284' title='bbox 549 3953 657 4037; x_wconf 92' lang='lat' dir='ltr'>junior</span> <span class='ocrx_word' id='word_1_285' title='bbox 678 3954 719 4018; x_wconf 92' lang='lat' dir='ltr'>de</span> <span class='ocrx_word' id='word_1_286' title='bbox 741 3953 945 4031; x_wconf 77' lang='lat' dir='ltr'>ostenuelde,</span> <span class='ocrx_word' id='word_1_287' title='bbox 968 3951 1134 4016; x_wconf 88' lang='lat' dir='ltr'>Gerwinus</span> <span class='ocrx_word' id='word_1_288' title='bbox 1157 3950 1278 4029; x_wconf 87' lang='lat' dir='ltr'>Vunke,</span> <span class='ocrx_word' id='word_1_289' title='bbox 1305 3950 1469 4034; x_wconf 91' lang='lat' dir='ltr'>Philippus</span> <span class='ocrx_word' id='word_1_290' title='bbox 1492 3952 1533 4016; x_wconf 90' lang='lat' dir='ltr'>de</span> <span class='ocrx_word' id='word_1_291' title='bbox 1555 3951 1722 4033; x_wconf 89' lang='lat' dir='ltr'>Burgeleu,</span> 
     </span>
     <span class='ocr_line' id='line_1_32' title="bbox 368 4057 1722 4142; baseline -0.001 -17"><span class='ocrx_word' id='word_1_292' title='bbox 368 4060 568 4142; x_wconf 87' lang='lat' dir='ltr'>Helengerus</span> <span class='ocrx_word' id='word_1_293' title='bbox 589 4060 677 4139; x_wconf 86' lang='lat' dir='ltr'>Rise,</span> <span class='ocrx_word' id='word_1_294' title='bbox 709 4059 876 4126; x_wconf 88' lang='lat' dir='ltr'>Gerwinus</span> <span class='ocrx_word' id='word_1_295' title='bbox 898 4063 939 4127; x_wconf 91' lang='lat' dir='ltr'>de</span> <span class='ocrx_word' id='word_1_296' title='bbox 959 4059 1200 4135; x_wconf 87' lang='lat' dir='ltr'>Bokenevorde‚</span> <span class='ocrx_word' id='word_1_297' title='bbox 1229 4057 1390 4122; x_wconf 90' lang='lat' dir='ltr'>Lutsridns</span> <span class='ocrx_word' id='word_1_298' title='bbox 1411 4058 1590 4140; x_wconf 88' lang='lat' dir='ltr'>gogravius,</span> <span class='ocrx_word' id='word_1_299' title='bbox 1621 4058 1722 4124; x_wconf 91' lang='lat' dir='ltr'>Giset-</span> 
     </span>
     <span class='ocr_line' id='line_1_33' title="bbox 367 4165 1721 4251; baseline 0.001 -20"><span class='ocrx_word' id='word_1_300' title='bbox 367 4168 479 4232; x_wconf 92' lang='lat' dir='ltr'>bertus</span> <span class='ocrx_word' id='word_1_301' title='bbox 510 4169 542 4231; x_wconf 90' lang='lat' dir='ltr'>et</span> <span class='ocrx_word' id='word_1_302' title='bbox 571 4165 646 4231; x_wconf 90' lang='lat' dir='ltr'>Otto</span> <span class='ocrx_word' id='word_1_303' title='bbox 675 4166 787 4232; x_wconf 87' lang='lat' dir='ltr'>iratres</span> <span class='ocrx_word' id='word_1_304' title='bbox 818 4168 866 4232; x_wconf 92' lang='lat' dir='ltr'>sni</span> <span class='ocrx_word' id='word_1_305' title='bbox 896 4172 929 4232; x_wconf 90' lang='lat' dir='ltr'>et</span> <span class='ocrx_word' id='word_1_306' title='bbox 954 4167 1004 4233; x_wconf 88' lang='lat' dir='ltr'>alii</span> <span class='ocrx_word' id='word_1_307' title='bbox 1035 4186 1132 4251; x_wconf 91' lang='lat' dir='ltr'>quam</span> <span class='ocrx_word' id='word_1_308' title='bbox 1162 4166 1280 4249; x_wconf 85' lang='lat' dir='ltr'>plures.</span> <span class='ocrx_word' id='word_1_309' title='bbox 1323 4166 1437 4230; x_wconf 86' lang='lat' dir='ltr'>Testes</span> <span class='ocrx_word' id='word_1_310' title='bbox 1471 4166 1512 4230; x_wconf 90' lang='lat' dir='ltr'>de</span> <span class='ocrx_word' id='word_1_311' title='bbox 1544 4165 1628 4230; x_wconf 90' lang='lat' dir='ltr'>sacto</span> <span class='ocrx_word' id='word_1_312' title='bbox 1661 4167 1721 4233; x_wconf 94' lang='lat' dir='ltr'>sub</span> 
     </span>
     <span class='ocr_line' id='line_1_34' title="bbox 367 4273 1721 4358; baseline -0.001 -18"><span class='ocrx_word' id='word_1_313' title='bbox 367 4277 455 4358; x_wconf 90' lang='lat' dir='ltr'>regio</span> <span class='ocrx_word' id='word_1_314' title='bbox 483 4275 607 4339; x_wconf 88' lang='lat' dir='ltr'>banno:</span> <span class='ocrx_word' id='word_1_315' title='bbox 640 4273 826 4341; x_wconf 84' lang='lat' dir='ltr'>Fredericus</span> <span class='ocrx_word' id='word_1_316' title='bbox 856 4277 896 4341; x_wconf 90' lang='lat' dir='ltr'>de</span> <span class='ocrx_word' id='word_1_317' title='bbox 926 4275 1158 4357; x_wconf 85' lang='lat' dir='ltr'>Thichenberg,</span> <span class='ocrx_word' id='word_1_318' title='bbox 1188 4273 1372 4339; x_wconf 88' lang='lat' dir='ltr'>Gerbardus</span> <span class='ocrx_word' id='word_1_319' title='bbox 1402 4275 1442 4339; x_wconf 92' lang='lat' dir='ltr'>de</span> <span class='ocrx_word' id='word_1_320' title='bbox 1473 4273 1600 4350; x_wconf 81' lang='lat' dir='ltr'>Hirthe3</span> <span class='ocrx_word' id='word_1_321' title='bbox 1633 4274 1721 4339; x_wconf 90' lang='lat' dir='ltr'>liberi</span> 
     </span>
     <span class='ocr_line' id='line_1_35' title="bbox 368 4381 1723 4466; baseline 0 -17"><span class='ocrx_word' id='word_1_322' title='bbox 368 4383 578 4462; x_wconf 80' lang='lat' dir='ltr'>FrethericnS,</span> <span class='ocrx_word' id='word_1_323' title='bbox 610 4383 766 4448; x_wconf 91' lang='lat' dir='ltr'>Henricus</span> <span class='ocrx_word' id='word_1_324' title='bbox 799 4388 830 4449; x_wconf 88' lang='lat' dir='ltr'>et</span> <span class='ocrx_word' id='word_1_325' title='bbox 857 4383 1063 4448; x_wconf 88' lang='lat' dir='ltr'>Hermannus</span> <span class='ocrx_word' id='word_1_326' title='bbox 1097 4387 1129 4448; x_wconf 89' lang='lat' dir='ltr'>et</span> <span class='ocrx_word' id='word_1_327' title='bbox 1160 4383 1209 4448; x_wconf 92' lang='lat' dir='ltr'>alii</span> <span class='ocrx_word' id='word_1_328' title='bbox 1244 4401 1340 4466; x_wconf 89' lang='lat' dir='ltr'>quam</span> <span class='ocrx_word' id='word_1_329' title='bbox 1373 4382 1491 4465; x_wconf 91' lang='lat' dir='ltr'>plures.</span> <span class='ocrx_word' id='word_1_330' title='bbox 1535 4381 1649 4446; x_wconf 91' lang='lat' dir='ltr'>Testes</span> <span class='ocrx_word' id='word_1_331' title='bbox 1681 4383 1723 4449; x_wconf 92' lang='lat' dir='ltr'>dc</span> 
     </span>
     <span class='ocr_line' id='line_1_36' title="bbox 368 4491 1721 4577; baseline -0.001 -19"><span class='ocrx_word' id='word_1_332' title='bbox 368 4492 598 4577; x_wconf 90' lang='lat' dir='ltr'>protestatione</span> <span class='ocrx_word' id='word_1_333' title='bbox 620 4512 730 4557; x_wconf 90' lang='lat' dir='ltr'>coram</span> <span class='ocrx_word' id='word_1_334' title='bbox 752 4493 845 4558; x_wconf 92' lang='lat' dir='ltr'>nobis</span> <span class='ocrx_word' id='word_1_335' title='bbox 867 4494 954 4577; x_wconf 90' lang='lat' dir='ltr'>apud</span> <span class='ocrx_word' id='word_1_336' title='bbox 976 4493 1177 4575; x_wconf 89' lang='lat' dir='ltr'>Stromberg:</span> <span class='ocrx_word' id='word_1_337' title='bbox 1209 4491 1376 4557; x_wconf 86' lang='lat' dir='ltr'>Conradus</span> <span class='ocrx_word' id='word_1_338' title='bbox 1398 4491 1565 4571; x_wconf 87' lang='lat' dir='ltr'>Pincerna,</span> <span class='ocrx_word' id='word_1_339' title='bbox 1587 4491 1721 4557; x_wconf 86' lang='lat' dir='ltr'>Silridus</span> 
     </span>
     <span class='ocr_line' id='line_1_37' title="bbox 368 4598 1722 4682; baseline -0.001 -16"><span class='ocrx_word' id='word_1_340' title='bbox 368 4601 507 4681; x_wconf 83' lang='lat' dir='ltr'>Runlrel,</span> <span class='ocrx_word' id='word_1_341' title='bbox 540 4601 743 4667; x_wconf 80' lang='lat' dir='ltr'>Everhardus</span> <span class='ocrx_word' id='word_1_342' title='bbox 776 4603 817 4666; x_wconf 92' lang='lat' dir='ltr'>de</span> <span class='ocrx_word' id='word_1_343' title='bbox 848 4601 1002 4682; x_wconf 90' lang='lat' dir='ltr'>Wernen,</span> <span class='ocrx_word' id='word_1_344' title='bbox 1038 4602 1189 4665; x_wconf 91' lang='lat' dir='ltr'>Albertus</span> <span class='ocrx_word' id='word_1_345' title='bbox 1222 4601 1263 4664; x_wconf 91' lang='lat' dir='ltr'>de</span> <span class='ocrx_word' id='word_1_346' title='bbox 1296 4599 1500 4679; x_wconf 89' lang='lat' dir='ltr'>Holenhorst,</span> <span class='ocrx_word' id='word_1_347' title='bbox 1538 4598 1722 4664; x_wconf 85' lang='lat' dir='ltr'>Gerewiuus</span> 
     </span>
     <span class='ocr_line' id='line_1_38' title="bbox 369 4707 1722 4795; baseline -0.001 -23"><span class='ocrx_word' id='word_1_348' title='bbox 369 4710 481 4775; x_wconf 81' lang='lat' dir='ltr'>Vunke</span> <span class='ocrx_word' id='word_1_349' title='bbox 519 4714 551 4776; x_wconf 89' lang='lat' dir='ltr'>et</span> <span class='ocrx_word' id='word_1_350' title='bbox 586 4711 637 4775; x_wconf 90' lang='lat' dir='ltr'>alii</span> <span class='ocrx_word' id='word_1_351' title='bbox 676 4730 772 4795; x_wconf 89' lang='lat' dir='ltr'>quam</span> <span class='ocrx_word' id='word_1_352' title='bbox 809 4710 927 4794; x_wconf 87' lang='lat' dir='ltr'>plures.</span> <span class='ocrx_word' id='word_1_353' title='bbox 971 4712 1054 4776; x_wconf 84' lang='lat' dir='ltr'>Acta</span> <span class='ocrx_word' id='word_1_354' title='bbox 1090 4713 1164 4775; x_wconf 91' lang='lat' dir='ltr'>sunt</span> <span class='ocrx_word' id='word_1_355' title='bbox 1196 4710 1256 4774; x_wconf 93' lang='lat' dir='ltr'>hec</span> <span class='ocrx_word' id='word_1_356' title='bbox 1293 4729 1380 4774; x_wconf 92' lang='lat' dir='ltr'>anno</span> <span class='ocrx_word' id='word_1_357' title='bbox 1418 4708 1518 4790; x_wconf 86' lang='lat' dir='ltr'>gratie</span> <span class='ocrx_word' id='word_1_358' title='bbox 1554 4707 1722 4771; x_wconf 91' lang='lat' dir='ltr'>millesimo</span> 
     </span>
     <span class='ocr_line' id='line_1_39' title="bbox 371 4815 1723 4900; baseline -0.004 -16"><span class='ocrx_word' id='word_1_359' title='bbox 371 4818 634 4898; x_wconf 87' lang='lat' dir='ltr'>CC⁰XX⁰VlllI⁰;</span> <span class='ocrx_word' id='word_1_360' title='bbox 656 4820 826 4884; x_wconf 89' lang='lat' dir='ltr'>indictione</span> <span class='ocrx_word' id='word_1_361' title='bbox 845 4819 903 4895; x_wconf 73' lang='lat'>11⁵3</span> <span class='ocrx_word' id='word_1_362' title='bbox 924 4823 1080 4900; x_wconf 86' lang='lat' dir='ltr'>regnante</span> <span class='ocrx_word' id='word_1_363' title='bbox 1098 4819 1265 4884; x_wconf 83' lang='lat' dir='ltr'>Frederico</span> <span class='ocrx_word' id='word_1_364' title='bbox 1283 4817 1506 4882; x_wconf 88' lang='lat' dir='ltr'>Romanorum</span> <span class='ocrx_word' id='word_1_365' title='bbox 1530 4815 1723 4898; x_wconf 89' lang='lat' dir='ltr'>imperatore</span> 
     </span>
     <span class='ocr_line' id='line_1_40' title="bbox 368 4926 516 5006; baseline 0.02 -17"><span class='ocrx_word' id='word_1_366' title='bbox 368 4926 516 5006; x_wconf 89' lang='lat' dir='ltr'>glorioso.</span> 
     </span>
    </p>
   </div>
   <div class='ocr_carea' id='block_1_3' title="bbox 478 5088 879 5160">
    <p class='ocr_par' dir='ltr' id='par_1_3' title="bbox 478 5088 879 5160">
     <span class='ocr_line' id='line_1_41' title="bbox 478 5088 879 5160; baseline 0.002 -16"><span class='ocrx_word' id='word_1_367' title='bbox 478 5090 500 5156; x_wconf 94' lang='lat'>¹)</span> <span class='ocrx_word' id='word_1_368' title='bbox 521 5088 571 5145; x_wconf 73' lang='lat' dir='ltr'>tae</span> <span class='ocrx_word' id='word_1_369' title='bbox 591 5089 608 5144; x_wconf 86' lang='lat' dir='ltr'>d</span> <span class='ocrx_word' id='word_1_370' title='bbox 627 5093 681 5146; x_wconf 68' lang='lat' dir='ltr'>aab</span> <span class='ocrx_word' id='word_1_371' title='bbox 699 5095 713 5145; x_wconf 87' lang='lat' dir='ltr'>t</span> <span class='ocrx_word' id='word_1_372' title='bbox 732 5089 879 5160; x_wconf 66' lang='lat' dir='ltr'>bethehem.</span> 
     </span>
    </p>
   </div>
   <div class='ocr_carea' id='block_1_4' title="bbox 497 5253 1081 5342">
    <p class='ocr_par' dir='ltr' id='par_1_4' title="bbox 497 5253 1081 5342">
     <span class='ocr_line' id='line_1_42' title="bbox 497 5253 1081 5342; baseline -0.002 -21"><span class='ocrx_word' id='word_1_373' title='bbox 497 5253 605 5338; x_wconf 66' lang='lat' dir='ltr'>eleget</span> <span class='ocrx_word' id='word_1_374' title='bbox 627 5273 687 5322; x_wconf 83' lang='lat' dir='ltr'>aaa</span> <span class='ocrx_word' id='word_1_375' title='bbox 709 5253 1011 5342; x_wconf 66' lang='lat' dir='ltr'>tietgamentitteiten</span> <span class='ocrx_word' id='word_1_376' title='bbox 1033 5254 1081 5321; x_wconf 85' lang='lat' dir='ltr'>ab.</span> 
     </span>
    </p>
   </div>
   <div class='ocr_carea' id='block_1_5' title="bbox 0 0 2130 6100">
    <p class='ocr_par' dir='ltr' id='par_1_5' title="bbox 0 0 2130 6100">
     <span class='ocr_line' id='line_1_43' title="bbox 0 0 2130 6100; baseline 0 0"><span class='ocrx_word' id='word_1_377' title='bbox 0 0 2130 6100; x_wconf 95' lang='lat' dir='ltr'> </span> 
     </span>
    </p>
   </div>
  </div>
 </body>
</html>
