4250 6109
998 675 1065 732 1218
1657 663 1694 727 71

487 837 647 902 Honorius
669 839 837 921 episcopus
859 859 969 904 servus
992 860 1155 905 servorum
1180 841 1234 904 Dei
1265 841 1433 905 venerabili
1462 843 1547 905 tratri
1570 894 1577 907 .
1602 892 1608 904 .
1632 841 1698 924 epi·

358 965 457 1028 scopo
487 949 519 1009 et
548 946 662 1010 dilecto
691 946 755 1012 tilio
778 999 784 1012 .
809 998 816 1012 .
840 948 1000 1030 preposito
1021 947 1138 1011 Montis
1165 952 1274 1012 sancte
1302 948 1465 1012 Gertrndis
1488 953 1519 1013 et
1543 1000 1549 1013 .
1573 1001 1580 1014 .
1603 950 1698 1031 priori

359 1054 400 1117 de
428 1053 601 1134 Meligarde
631 1054 941 1138 Osemburgensibus
970 1054 1106 1120 salutem
1138 1061 1169 1121 el
1195 1055 1401 1138 apostolicam
1434 1057 1697 1122 benedictionem.

359 1161 443 1226 Cum
478 1164 569 1244 juxta
605 1164 784 1227 sanctiones
822 1165 990 1228 canonicas
1025 1164 1231 1229 alienationes
1268 1169 1299 1228 et
1337 1164 1557 1247 dispositiones
1592 1186 1697 1251 rerum

359 1269 642 1335 ecclesiasticarum
677 1290 739 1353 que
773 1271 853 1335 fiunt
887 1271 1060 1353 aliquando
1097 1271 1139 1335 ab
1172 1273 1299 1336 intrusis
1331 1273 1445 1338 nullius
1479 1275 1604 1357 penitus
1637 1276 1699 1339 sint

358 1379 515 1442 momenti
546 1382 577 1443 et
605 1379 761 1461 reprobus
787 1380 1011 1444 Waldenrams
1042 1381 1141 1444 multa
1170 1382 1210 1446 de
1240 1381 1331 1446 bonis
1358 1383 1539 1448 Bremensis
1569 1385 1698 1449 ecclesie

358 1486 516 1549 alienasse
554 1486 684 1566 dicatur,
725 1490 921 1569 presentium
958 1489 1047 1552 vobis
1085 1490 1270 1553 auctoritate
1308 1491 1507 1569 mandamus,
1551 1493 1699 1573 quatinus

359 1594 510 1677 quicquid
539 1595 581 1659 ab
612 1596 725 1660 eodem
748 1594 953 1660 Waldemaro
985 1595 1167 1659 intrusionis
1197 1616 1254 1661 sue
1275 1601 1420 1680 tempore
1441 1599 1622 1677 alienatum,
1652 1600 1698 1663 in-

359 1703 526 1767 feudatum
559 1723 616 1767 seu
648 1704 892 1787 impignoratam
925 1722 995 1767 esse
1028 1704 1210 1783 constiterit,
1248 1704 1289 1768 ad
1325 1707 1376 1787 jus
1409 1709 1441 1769 et
1472 1707 1697 1788 proprietatem

360 1812 493 1875 ecclesie
516 1813 696 1895 supradicte
718 1811 843 1878 sublato
870 1812 1036 1894 cujuslibet
1065 1812 1321 1877 contradictionis
1349 1817 1381 1876 et
1402 1813 1620 1895 appellationis
1642 1813 1700 1876 ob·

359 1921 481 1985 staculo
515 1919 651 2002 legitime
683 1922 854 1997 revocetis;
887 1921 1134 1985 contradictores
1167 1940 1224 2003 per
1256 1940 1423 1985 censuram
1458 1921 1699 1986 ecclesiasticam

359 2028 604 2110 compescendo.
649 2028 742 2106 Quod
764 2028 790 2091 si
817 2046 881 2091 non
910 2047 1023 2093 omnes
1051 2029 1111 2092 hiis
1133 2030 1328 2110 exequendis
1349 2031 1514 2111 potueritis
1536 2031 1698 2108 interesse,

360 2140 404 2214 tu,
428 2137 529 2200 trater
552 2135 708 2217 episcope,
731 2154 935 2200 cumeorum
958 2136 1057 2200 altero
1080 2137 1299 2202 nichilominus
1321 2140 1497 2220 exequaris.

487 2243 604 2307 Datum
626 2242 772 2306 Laterani
794 2242 820 2306 Il
841 2244 915 2307 ldus
937 2243 1068 2326 Aprilis;
1097 2244 1298 2327 pontificatus
1322 2246 1419 2309 nostri
1441 2265 1526 2310 anno
1549 2245 1699 2311 secundo.

488 2359 577 2427 aune
599 2359 757 2444 (oteramo
780 2361 833 2442 28)
856 2378 896 2426 cn
918 2358 1150 2442 honttdnttren.

487 2467 593 2550 berhta
615 2466 669 2549 out
691 2468 754 2535 bem
776 2468 877 2553 §tinget
900 2487 929 2532 a.
953 2469 985 2534 b.

357 2746 408 2814 u.
432 2785 477 2794 -
501 2745 595 2825 1218,
618 2744 695 2818 nar
716 2693 745 2815 ι’.

528 2876 642 2960 ltitrhot
664 2876 755 2958 anon
775 2894 834 2944 oon
856 2875 1029 2943 Darrnbrtct
1050 2878 1303 2962 incommune
1326 2879 1472 2963 &titiana
1494 2879 1588 2959 taines
1609 2878 1696 2946 beet:

528 2985 730 3069 gebtdtnittea
760 2985 820 3051 uno
850 3003 902 3068 prr
931 2984 1094 3069 behcrung
1125 2985 1175 3052 ber
1197 2986 1353 3068 bintdntte
1382 2987 1434 3052 bea
1457 2986 1592 3067 bonitate
1622 2986 1700 3053 bem:

527 3095 622 3176 letter
644 3095 689 3162 bie
711 3094 899 3177 tltcrttttrrhe
921 3093 1162 3180 (tttortcntitdc)
1188 3095 1249 3162 ant
1271 3095 1316 3161 bic
1339 3094 1698 3179 lttchtbioconotgetidta=

527 3203 634 3271 borteit
655 3202 688 3270 in
710 3204 761 3270 ber
783 3222 893 3287 gangen
915 3204 1013 3271 &teht
1035 3204 1219 3272 Denobttrd.

623 3336 765 3407 Dtigirmt:
785 3336 954 3406 memoratio.
992 3336 1088 3394 thud:
1108 3336 1200 3407 tltbtrt
1219 3337 1269 3392 itt.
1290 3339 1348 3392 116.

484 3446 646 3529 Atdolfus)
680 3447 736 3511 Dei
772 3448 873 3528 gratia
905 3448 1161 3529 Osnaburgensis
1196 3447 1363 3530 episcopus
1397 3448 1551 3511 universis
1584 3448 1698 3513 Christi

358 3555 506 3619 fidelibus
526 3557 706 3636 presentem
727 3555 877 3636 paginam
896 3556 1082 3638 inspecturis
1097 3556 1233 3620 salutern
1249 3557 1280 3619 in
1299 3574 1348 3632 eo,
1372 3555 1425 3637 qui
1442 3560 1490 3618 est
1507 3575 1582 3619 vera
1602 3555 1697 3622 salus.

359 3662 445 3725 Licet
473 3680 513 3724 ex
544 3660 646 3725 officio
671 3662 837 3743 pastoralis
866 3682 940 3727 cure
968 3662 1077 3728 aDeo
1108 3663 1200 3727 nobis
1228 3664 1366 3746 injuncte
1393 3663 1541 3728 omnibus
1569 3666 1698 3746 quidem

359 3770 499 3835 ecclesiis
521 3769 551 3832 in
575 3769 759 3851 episcopatu
781 3772 891 3835 nostro
913 3770 1089 3835 constitutis
1116 3773 1147 3835 et
1174 3771 1205 3835 in
1227 3773 1271 3835 eis
1294 3772 1544 3836 deservientibus
1565 3773 1698 3854 provida

360 3880 515 3960 quantum
532 3895 701 3958 possumus
717 3878 886 3941 teneamur
903 3879 1109 3943 sollicitudine
1124 3880 1300 3962 providere,
1312 3882 1434 3963 justum
1451 3885 1558 3944 tamen
1574 3881 1699 3945 videtur

360 3990 389 4050 et
411 3985 531 4050 racioni
554 3988 814 4062 consentaneum,
838 3989 874 4050 ut
895 3986 996 4075 ipsam
1019 3987 1234 4052 cathedralem
1257 3988 1421 4052 ecclesiam
1444 3992 1595 4066 nostram,
1618 3989 1698 4053 sicut

359 4097 463 4159 mater
491 4095 540 4156 est
569 4093 712 4156 omnium
739 4093 883 4172 aliarum,
910 4095 953 4158 ita
984 4113 1054 4158 eam
1084 4096 1232 4159 omnibus
1261 4095 1329 4159 aliis
1351 4095 1477 4177 speciali
1498 4098 1697 4178 prerogativa

358 4202 557 4286 preteramus
589 4202 716 4265 amoris
759 4202 877 4267 Notum
913 4202 1006 4284 igilur
1043 4222 1114 4267 esse
1147 4204 1290 4285 cupimus
1322 4203 1484 4283 universis,
1520 4205 1606 4285 quod
1638 4224 1697 4269 nos

358 4309 596 4376 considerantes
619 4310 762 4393 ejusdem
786 4311 915 4376 ecclesie
937 4313 1094 4394 stipendia
1115 4313 1158 4376 ita
1179 4312 1275 4377 fuisse
1297 4311 1431 4388 modica,
1459 4310 1545 4392 quod
1566 4315 1697 4393 propter

359 4437 471 4484 eorum
505 4417 691 4482 tenuitatem
729 4419 788 4501 ipsi
828 4421 969 4485 canonici
1011 4440 1077 4485 non
1120 4439 1285 4503 nunquam
1329 4420 1527 4484 occasionem
1570 4439 1696 4485 sumere

358 4528 549 4606 cogerentur
577 4526 731 4606 evagandi
760 4529 792 4590 et
819 4527 933 4592 exinde
961 4528 1092 4594 ecclesia
1114 4527 1170 4592 Dei
1199 4529 1306 4593 debito
1332 4528 1514 4610 frequenter
1542 4529 1696 4611 obsequio

358 4634 569 4712 fraudaretur,
599 4637 726 4697 utnon
754 4637 819 4698 tam
846 4653 956 4699 eorum
983 4635 1225 4699 subveniremus
1254 4635 1358 4717 inopie
1388 4653 1485 4717 quarn
1513 4634 1613 4699 eciam
1640 4655 1696 4701 eos

359 4742 391 4807 in
414 4739 594 4806 exhibendo
604 4743 630 4823 ι)
659 4741 764 4805 divino
792 4741 894 4806 otiicio
916 4741 1128 4824 promptiores
1154 4746 1186 4806 et
1206 4743 1307 4823 magis
1329 4742 1456 4806 sedulos
1478 4742 1695 4823 redderemus,

359 4850 400 4915 ad
427 4850 583 4914 honorem
608 4850 694 4912 beati
715 4847 800 4912 Petri
828 4850 954 4930 patroni
981 4850 1081 4913 nostri
1110 4853 1141 4912 et
1166 4849 1334 4914 beatorum
1363 4854 1539 4932 martymm
1562 4849 1695 4932 Crispini
1825 4933 1827 4936 y

359 4961 390 5022 et
412 4955 601 5039 crispiniani
623 4974 749 5020 necnon
775 4958 807 5019 et
828 4955 871 5019 ad
892 4956 998 5020 anime
1019 4959 1128 5021 nostre
1149 4957 1326 5021 remedium
1348 4958 1508 5022 forensem
1531 4958 1696 5022 ecclesiam

360 5085 432 5130 curn
461 5065 570 5130 banno
599 5063 701 5129 tocius
730 5064 860 5128 civitatis
892 5066 1000 5128 nostre
1030 5064 1150 5128 eisdem
1178 5063 1278 5129 libera
1304 5065 1474 5129 donatione
1497 5066 1696 5133 contulimus.

360 5173 407 5237 Ne
436 5173 529 5254 igitur
556 5171 628 5235 huic
660 5173 742 5236 tacto
774 5172 823 5235 vel
854 5171 1100 5253 malignancium
1129 5172 1291 5237 temeritas
1323 5172 1474 5254 refragari
1506 5172 1610 5237 valeat
1642 5179 1698 5239 aut

360 5281 435 5345 iilud
457 5281 608 5362 temporis
629 5280 817 5345 diuturnitas
839 5281 871 5345 in
893 5281 1086 5346 oblivionem
1108 5281 1254 5358 deducat,
1282 5281 1327 5344 rei
1349 5281 1472 5357 seriem,
1501 5282 1582 5344 sicut
1607 5285 1696 5363 gesta
