4250 6109
514 647 574 711 326

513 824 581 891 416.
603 861 646 874 -
667 823 857 897 ὒδηαΰτίἱᾱ.
881 823 973 895 1242

680 1002 796 1085 titldol
818 1001 976 1087 Cugettcrt
1007 1002 1160 1088 tibertrtgt
1190 1003 1246 1069 bct
1269 1001 1448 1087 bigentbum
1479 1002 1561 1070 einer
1582 1000 1670 1083 Saule
1699 1001 1736 1068 in
1758 999 1857 1081 beate,

680 1109 780 1192 metcbe
813 1110 863 1177 ber
895 1109 1052 1195 ebemctige
1087 1111 1260 1178 litmmetet
1291 1109 1450 1194 engeltart
1482 1109 1531 1177 att
1565 1108 1765 1192 btidtltidpea
1793 1110 1858 1192 deta

679 1217 800 1299 belellen
835 1218 924 1303 batte,
958 1218 1027 1299 aad
1061 1218 1154 1298 hellen
1187 1217 1453 1302 uervtnttetnung,
1486 1218 1541 1285 ben
1575 1217 1714 1286 tlttdten
1748 1218 1800 1284 bea
1828 1218 1860 1300 bt

680 1327 800 1410 (bream
831 1326 891 1393 aab
925 1326 976 1393 bet
1005 1324 1045 1408 bt.
1069 1324 1176 1391 ittarta
1199 1323 1387 1408 unguatur
1417 1323 1459 1390 im
1486 1323 1597 1404 ibone,
1630 1323 1861 1404 terentiolus

679 1435 736 1502 nte
757 1435 803 1501 bic
825 1433 950 1517 titttgen
972 1433 1155 1500 ibomotccre
1176 1449 1242 1515 gum
1264 1430 1451 1516 opertione
1472 1430 1655 1514 oerplttcbtet
1684 1431 1750 1511 lein
1774 1432 1860 1514 loten.

778 1612 908 1683 tltbldptlt
935 1612 1080 1683 prunetae
1104 1615 1132 1668 tn
1156 1611 1352 1669 usserman.
1375 1612 1412 1678 11,
1439 1611 1477 1668 Θ.
1496 1611 1548 1665 289
1568 1612 1633 1679 (A);
1663 1611 1801 1682 Cblcbnlt
1824 1612 1862 1667 tri

777 1699 946 1855 Εἳῦἱὲαξῖτξ.
962 1701 1014 1840 lig7
1032 1697 1102 1767 title.
1131 1698 1192 1764 193,
1219 1696 1257 1754 C.
1286 1698 1321 1751 23
1349 1697 1396 1753 bess
1424 1696 1641 1767 &teutbatrbtbss
1672 1699 1737 1768 (B).
1776 1698 1862 1756 brut:

637 1952 672 2016 ln
694 1951 824 2016 nomine
846 1954 974 2016 sanctae
997 1954 1029 2015 et
1050 1948 1231 2014 individuae
1252 1947 1424 2016 Trinitatis.
1451 1948 1665 2030 Engelbertus
1688 1950 1750 2015 Dei
1773 1951 1865 2032 gratia

512 2059 768 2139 osnaburgensis
791 2057 960 2139 episcopus
990 2056 1140 2121 omnibus
1161 2057 1203 2121 ad
1226 2076 1307 2138 quos
1329 2075 1481 2139 praesens
1504 2056 1661 2139 scriptum
1685 2061 1865 2141 pervenerit

511 2168 648 2233 salutem
671 2168 702 2230 in
724 2165 833 2230 salutis
856 2166 976 2230 datore.
1021 2165 1177 2242 Quotiens
1207 2164 1348 2229 divinum
1378 2163 1518 2229 officium
1548 2167 1580 2230 et
1602 2164 1662 2230 Dei
1692 2167 1801 2232 cultus
1821 2169 1866 2251 pie

511 2294 549 2340 ac
571 2274 721 2338 decenter
741 2273 920 2355 ampliatur,
943 2271 1077 2355 perutile
1100 2271 1180 2357 est1)
1203 2275 1234 2336 et
1256 2270 1483 2351 necessarium,
1505 2274 1540 2336 ut
1561 2271 1609 2337 rei
1625 2276 1744 2355 gestae
1762 2274 1868 2339 notitia

510 2382 685 2464 scripturae
707 2380 857 2462 suffragio
887 2380 929 2444 ad
957 2383 1104 2462 posteros
1133 2377 1375 2457 transmittatur,
1406 2382 1441 2443 ut
1463 2378 1532 2465 ev)
1554 2379 1733 2461 legentium
1755 2383 1868 2465 pariter

510 2492 542 2555 et
570 2488 766 2554 audientium
798 2485 992 2552 desiderium
1022 2488 1177 2552 excitetur
1206 2488 1248 2552 ad
1279 2486 1391 2551 similia
1423 2488 1455 2551 et
1481 2486 1576 2551 etiam
1587 2486 1615 2573 ¹)
1644 2506 1689 2552 ne
1717 2488 1780 2554 rite
1808 2491 1866 2571 et't

511 2597 739 2663 rationabiliter
749 2596 895 2661 ordinata
907 2596 1148 2677 malignantium
1163 2595 1281 2661 astutia
1297 2613 1447 2660 successu
1463 2595 1617 2678 temporis
1632 2600 1866 2677 pervertantur.

511 2704 716 2788 Quapropter
736 2703 892 2767 universis
915 2702 1031 2768 Christi
1062 2702 1209 2768 fidelibus
1239 2703 1301 2768 hoc
1333 2703 1484 2786 scripturn
1507 2703 1700 2785 inspecturis
1723 2708 1866 2769 constare

511 2814 740 2890 desideramus,
775 2811 861 2894 quod
894 2811 1104 2893 Engelbertus
1136 2811 1421 2894 praedecessorum
1453 2813 1638 2875 nostrorum
1673 2811 1865 2876 camerarius

511 2938 661 2985 mansum
684 2921 715 2983 in
737 2917 904 2982 Hembeke
931 2937 1029 3000 quam
1050 2918 1092 2982 ab
1119 2918 1375 2982 antecessoribus
1401 2919 1528 2996 nostris,
1561 2917 1644 2982 sicut
1667 2938 1787 2984 eorum
1808 2920 1866 3002 pri·

512 3027 625 3107 vilegia
657 3025 874 3103 declarabant,
904 3026 976 3107 jure
1004 3025 1119 3090 feodali
1151 3028 1298 3090 tenuerat
1325 3025 1502 3089 voluntarie
1531 3025 1563 3090 in
1593 3043 1714 3091 manus
1744 3031 1866 3092 nostras

511 3132 692 3215 resignavit.
715 3131 781 3196 Nos
803 3134 912 3196 autem
933 3132 975 3196 ad
997 3132 1154 3197 honorem
1176 3132 1297 3198 domini
1317 3132 1416 3197 nostri
1435 3131 1511 3198 lesu
1526 3131 1643 3197 Christi
1663 3137 1697 3196 et
1713 3133 1866 3215 gloriosae

512 3241 670 3323 genitricis
700 3238 805 3323 ejus⁴)
835 3239 950 3303 beatae
980 3240 1108 3320 virginis
1130 3240 1247 3304 blaciae
1277 3243 1308 3304 et
1337 3242 1546 3322 patronorum
1574 3242 1765 3304 nostrorum
1787 3241 1866 3305 Petri

512 3346 683 3429 apostoli,⁵l
700 3344 836 3428 Crispini
848 3349 880 3409 el
892 3344 1082 3428 Crispininni
1100 3350 1276 3430 martyrum
1292 3346 1333 3410 ad
1350 3346 1537 3428 petitionem
1554 3345 1674 3411 domini
1681 3348 1702 3429 ¹)
1712 3347 1866 3413 Brunonis

513 3452 685 3537 praepceiti
702 3453 805 3516 iratris
821 3452 920 3516 nostri
938 3457 967 3517 et
985 3454 1106 3518 domini
1118 3453 1271 3519 lobannis
1288 3454 1401 3518 decani
1419 3454 1619 3535 aliorumque
1636 3457 1866 3520 canonicorum

513 3561 643 3643 menbris
673 3558 825 3624 ecelesiae
852 3562 980 3623 nostrae
1009 3563 1208 3643 praedictum
1238 3581 1387 3626 mansum
1416 3561 1516 3626 libere
1547 3563 1580 3625 et
1610 3561 1763 3627 absolute
1794 3582 1867 3628 con·

514 3669 643 3733 tulimus
665 3666 816 3732 altaribus
838 3666 939 3730 sancti
961 3667 1101 3750 Gregorii
1124 3673 1156 3734 ct
1178 3674 1307 3735 sanctae
1328 3669 1447 3733 llariae
1466 3667 1676 3749 llagdalenae
1700 3669 1733 3733 in
1756 3669 1866 3753 majori

515 3776 647 3841 ecelesia
665 3780 774 3839 nostra
789 3774 1030 3855 Osnaburgeusi
1052 3781 1208 3859 perpetua
1224 3778 1405 3853 donatione,
1429 3778 1472 3840 ila
1489 3780 1523 3840 ut
1540 3777 1726 3840 sacerdotes
1747 3778 1865 3842 eisdem

514 3882 667 3949 altaribus
688 3882 904 3946 ctcsemientes
926 3881 1024 3946 choro
1055 3885 1135 3948 sicut
1157 3884 1208 3949 alii
1231 3884 1338 3948 vicarii
1359 3885 1488 3966 obligati
1509 3885 1550 3949 de
1571 3883 1751 3949 redditibus
1775 3904 1865 3967 prae·

514 3993 588 4057 dicti
612 3992 715 4055 vuansi
737 3990 937 4055 commodius
959 3990 1081 4072 possint
1105 3992 1275 4056 sustentari
1305 3998 1335 4055 et
1359 3991 1426 4056 Deo
1457 3990 1586 4055 liberius
1609 3990 1784 4057 deservire.
1829 3990 1865 4055 Ut

513 4104 623 4164 autem
640 4098 720 4163 bam
737 4101 845 4163 nostra
867 4097 993 4163 collatio
1014 4102 1084 4162 rata
1106 4102 1234 4162 maneat
1257 4100 1290 4163 in
1311 4100 1504 4181 perpetuum
1523 4102 1554 4162 et
1574 4098 1776 4175 inconvulsa,
1799 4117 1866 4163 eam

514 4205 675 4290 praesenti
697 4206 814 4288 scripto
836 4203 925 4286 sigilli
947 4206 1048 4269 nostri
1071 4206 1253 4270 testimonio
1274 4206 1425 4270 roborato
1449 4206 1580 4270 fecimus
1601 4205 1762 4270 annotari.
1788 4205 1866 4270 Acta

514 4319 587 4379 semi
620 4313 699 4378 baeu
721 4312 844 4376 Osnab.
876 4312 919 4375 ab
941 4312 1159 4376 utcarnntione
1182 4310 1308 4377 Domini
1330 4312 1453 4393 nnno¹l
1475 4309 1709 4376 utcctxffla
1754 4311 1865 4375 Testes

515 4422 609 4506 hujus
631 4420 703 4485 tacti
725 4424 814 4483 sunt:
838 4418 947 4483 liruvro
969 4421 1179 4501 praepositus,
1202 4418 1364 4483 lohannes
1387 4420 1539 4493 decanus,
1560 4418 1727 4483 Arnoldus
1750 4423 1866 4493 cantor,

514 4528 679 4595 sibeston
712 4526 858 4591 lliurirus
886 4526 927 4589 dc
957 4524 1105 4606 lleppcn.
1140 4523 1243 4605 llugo.
1275 4524 1495 4603 Cerlmrdusil
1529 4524 1569 4588 de
1602 4522 1696 4601 Foro,
1731 4524 1865 4590 lacobus

516 4635 710 4701 sallustius.
731 4632 922 4697 tintelridus
944 4633 985 4696 de
1006 4632 1081 4699 Ore.
1105 4631 1317 4699 Brtlrleninus.
1340 4631 1515 4713 liudjerus,
1540 4629 1625 4713 Gyso
1649 4636 1769 4707 custos,
1792 4631 1866 4696 Ger·

515 4742 636 4806 bunius
657 4741 698 4803 de
713 4738 808 4807 mue,
829 4738 1035 4807 Giselbertus.
1058 4738 1221 4807 Ernestus.
1244 4740 1404 4805 Alirinnrs.
1428 4739 1626 4805 Hetnvotdus
1650 4738 1822 4805 Couradus
1839 4744 1868 4805 et

516 4849 568 4913 alii
590 4866 688 4931 quarn
711 4847 828 4929 plures.

625 5030 645 5057 '³
665 5026 731 5083 tran
753 5029 783 5081 lt.
804 5056 839 5067 -
859 5026 880 5059 ¹*
899 5040 983 5094 utone
1005 5028 1038 5081 R.
1059 5058 1090 5067 -
1112 5028 1134 5069 't
1154 5040 1236 5096 arque
1257 5028 1290 5081 Β.
1311 5058 1343 5066 -
1363 5030 1385 5067 ⁴*-
1406 5038 1432 5082 επ
1449 5028 1481 5081 Β.
1504 5057 1535 5065 -
1556 5028 1576 5056 ³¹
1597 5027 1718 5095 spsroti
1737 5046 1768 5083 ac
1788 5030 1823 5084 Β.
1837 5059 1868 5068 -

520 5116 539 5143 ’“
562 5114 673 5169 Baloie
695 5115 720 5167 li
748 5144 780 5153 -
803 5114 822 5139 '⁸
844 5114 998 5169 Remulus
1019 5116 1050 5169 li.
