4250 6109
364 1952 387 2017 1.
412 1953 750 2041 -(1188-1209.)¹)

527 2086 609 2169 brot
620 2087 726 2170 bocio
742 2107 801 2156 oon
819 2087 996 2174 Dtbenburss
1013 2087 1117 2171 betrcit
1133 2089 1187 2173 out
1205 2092 1308 2160 uuio
1326 2091 1378 2158 beo
1395 2091 1537 2175 breuiter
1554 2092 1701 2177 &ricboto

526 2213 586 2263 oon
619 2196 758 2282 dietbolt
790 2197 836 2264 bic
869 2198 967 2267 (buter
1000 2202 1052 2266 bea
1086 2199 1218 2278 stlattas
1251 2200 1429 2285 bulgarico
1461 2202 1503 2268 im
1537 2202 1702 2270 &tutante

527 2303 668 2388 (breues
690 2306 740 2373 bo
762 2305 1003 2393 Dberdlietonb)
1034 2325 1103 2374 nom
1125 2307 1299 2392 &relucebit
1328 2309 1389 2376 nob
1415 2309 1466 2377 bct
1489 2308 1701 2392 (titulenbeebe.

630 2439 997 2586 {tigmvhgiapufflffi
1026 2439 1183 2513 pannones.
1226 2441 1323 2502 titud:
1358 2451 1383 2500 o.
1410 2439 1576 2513 botenbctp
1608 2438 1700 2512 bouet

487 2639 529 2705 ln
550 2642 675 2707 minine
695 2648 803 2709 sancte
824 2648 853 2708 ci
873 2643 1039 2709 individue
1062 2643 1244 2709 Trinitatis.
1287 2643 1444 2708 Omnibus
1472 2642 1602 2706 ecclesie
1631 2641 1701 2706 filiis

360 2767 420 2829 ego
441 2747 610 2814 Mauricius
632 2771 740 2817 comes
762 2754 803 2817 de
821 2753 1027 2819 Aldenburch
1050 2758 1159 2818 eterne
1181 2750 1385 2816 beatitudinis
1406 2750 1549 2832 gloriam.
1571 2749 1701 2814 Noverit

359 2875 491 2937 presens
514 2861 582 2923 elas
605 2861 812 2945 omniumque
834 2861 1013 2926 futurorum
1030 2863 1209 2944 posteritas,
1233 2861 1320 2944 quod
1338 2858 1586 2925 Claroholtensis
1604 2877 1700 2922 vene-

359 2963 467 3029 rabilis
494 2965 618 3031 cenobii
645 2970 825 3051 prepositus
846 2967 1035 3034 Frithericus
1066 2968 1167 3034 fidelis
1195 2988 1233 3034 ac
1264 2968 1396 3034 dilectus
1418 2969 1571 3049 cognatus
1593 2969 1702 3031 noster

360 3091 420 3136 nos
442 3073 553 3138 adierit
573 3075 727 3141 instanter
749 3076 780 3142 et
801 3077 962 3144 humiliter
983 3078 1165 3158 obsecrans,
1196 3082 1231 3143 ut
1262 3080 1331 3162 ejus
1352 3077 1498 3160 peticioni
1519 3076 1702 3159 acquiesce-

361 3198 479 3244 remus.
521 3181 620 3266 Cujus
650 3185 798 3266 peticioni
826 3187 1003 3252 rationabili
1035 3207 1073 3252 ac
1100 3188 1185 3271 juste
1215 3203 1381 3251 assensum
1412 3184 1584 3266 prebentes
1613 3184 1701 3248 bona

362 3287 492 3352 ecclesie
524 3289 556 3354 in
587 3290 768 3374 Melegarde
802 3296 862 3360 sub
893 3299 961 3381 ejus
993 3295 1145 3378 regimine
1176 3294 1344 3361 constitute
1377 3311 1440 3376 que
1471 3292 1531 3357 sita
1563 3294 1638 3356 sunt
1669 3291 1702 3354 in

363 3395 544 3463 Gronlande
577 3417 686 3465 coram
716 3402 874 3468 nobilibus
905 3405 937 3468 ct
969 3403 1223 3468 ministerialibus
1260 3403 1340 3466 meis
1374 3398 1566 3465 omnimodis
1602 3399 1702 3465 libera

363 3503 548 3585 dimisimus,
578 3506 621 3571 ita
650 3511 686 3573 ut
716 3511 869 3593 imperiali
899 3511 1015 3594 placito
1043 3511 1216 3576 liberorum
1246 3513 1277 3575 et
1308 3509 1462 3573 exactioni
1493 3512 1601 3573 nostre
1630 3527 1702 3572 suc-

363 3633 590 3700 cessorumque
611 3637 758 3684 meorum
781 3622 931 3703 deinceps
952 3620 1135 3685 nullatenus
1156 3621 1218 3684 sint
1240 3619 1367 3684 obnixa.
1403 3617 1442 3682 Et
1463 3619 1499 3680 ut
1521 3617 1580 3682 hec
1601 3617 1702 3682 doua-

361 3722 455 3787 tionis
483 3727 591 3788 nostre
617 3727 789 3792 auctoritas
810 3726 930 3791 stabilis
954 3730 986 3792 et
1007 3726 1193 3792 inconvulsa
1213 3729 1410 3810 permaneat,
1440 3725 1524 3790 hanc
1552 3723 1702 3807 paginam

360 3830 435 3894 inde
466 3833 679 3915 conscriptam
708 3854 807 3900 manu
838 3838 946 3901 nostra
975 3836 1218 3900 corroborantes
1248 3835 1337 3918 sigilli
1365 3833 1466 3899 nostri
1493 3833 1702 3916 impressione

361 3938 502 4019 insigniri
523 3942 555 4003 et
577 3944 673 4006 testes
696 3943 842 4008 annotari
863 3944 1073 4026 precepimus.
1119 3943 1220 4026 Hujus
1231 3942 1257 4028 ¹)
1279 3944 1324 4008 rei
1346 3946 1442 4007 testes
1464 3945 1553 4006 sunt:
1583 3941 1701 4020 Reder,

360 4045 491 4126 Thider,
509 4048 701 4129 Reinfridus,
718 4050 893 4130 Heinricus,
911 4050 1081 4130 Hildebolt,
1098 4050 1235 4116 Bruninc
1251 4051 1291 4116 de
1307 4050 1527 4131 Sumersberg,
1543 4046 1701 4113 Rodulfus

361 4155 402 4218 de
422 4155 540 4235 Haren,
563 4157 700 4224 Rabodo
722 4159 763 4223 de
784 4158 975 4241 Meneslage,
1003 4157 1116 4223 Alhart
1138 4157 1234 4222 frater
1256 4159 1333 4241 ejus,
1356 4157 1524 4235 Antonius,
1546 4156 1699 4234 Libon'us,

361 4262 565 4329 Burchardus
577 4265 719 4345 Evenho,
735 4265 914 4332 Waldricus
931 4266 972 4331 de
984 4266 1101 4344 Buren,
1122 4265 1301 4331 Erkebreht
1316 4266 1357 4331 de
1372 4264 1523 4344 Emstilre,
1543 4262 1702 4328 Helmeric

360 4372 565 4451 camerarius,
588 4373 749 4439 Albertus.

428 4633 452 4701 f·
466 4552 486 4692 ’Ξ
504 4550 555 4611 ibic
573 4550 680 4645 8cuoen
704 4552 732 4612 in
751 4554 872 4614 tteineter
889 4554 998 4626 &dulit
1023 4555 1072 4624 out
1091 4570 1200 4626 engeren
1218 4552 1310 4624 Redeo
1337 4551 1392 4611 nub
1419 4561 1473 4610 non
1493 4550 1603 4609 unbctcr
1620 4547 1703 4621 boob

359 4649 425 4705 guno
440 4650 474 4705 un
488 4678 494 4694 .

490 4784 597 4869 &tepet
619 4787 665 4853 ob.

489 4893 577 4973 §biolo
594 4895 780 4979 actionum
803 4899 950 4981 oettuutte
969 4898 1146 4981 Wotporteu
1168 4897 1210 4962 im
1227 4895 1324 4976 {lubre
1347 4893 1425 4956 1301
1449 4911 1489 4959 ou
1510 4893 1567 4960 boo
1589 4892 1703 4971 ltlotter

359 4999 569 5082 §polliceamur
592 5000 706 5086 (bonet
728 5004 820 5072 Uati.
845 5006 879 5084 V,
902 5005 957 5072 nt.
980 5006 1032 5084 69,
1055 5005 1096 5069 Θ.
1125 5003 1189 5085 63).

468 5182 486 5249 ¹)
506 5185 571 5238 1188
598 5132 665 5241 uno
683 5182 815 5255 &nucib
841 5184 924 5256 puerit
951 5184 994 5242 uto
1011 5182 1110 5253 dirupit
1127 5192 1180 5241 oon
1199 5181 1324 5252 §turbata
1351 5180 1470 5251 enodbnt
1497 5179 1563 5247 (Dr.
1581 5180 1665 5239 Uati.
1683 5182 1703 5247 l,

357 5265 412 5325 nr.
431 5268 506 5337 396);
527 5270 592 5325 1209
609 5279 669 5327 noc
687 5268 761 5337 brot
779 5268 948 5341 bitontum
967 5267 1129 5337 thenbuto
1146 5266 1216 5337 noc
1234 5267 1251 5336 ἱ.
1271 5264 1354 5322 oulen
1372 5265 1422 5323 nt.
1440 5267 1482 5322 37.

458 5375 609 5430 utiliori,
623 5379 677 5424 Diu.
692 5379 802 5432 urb-Bab
815 5381 842 5425 11.
1498 5347 1510 5407 l
