4250 6109
386 668 430 735 20
1023 684 1089 740 mor

387 852 468 917 torte
498 851 642 927 notuerit,
674 869 730 915 vos
758 869 832 914 eum
863 849 906 914 ad
934 849 966 913 id
994 868 1052 930 per
1081 847 1307 913 districtionem
1337 848 1580 913 ecclesiasticam
1603 847 1729 912 sublato

385 959 606 1043 appellationis
629 958 794 1022 obstaculo
816 956 1021 1040 compellatis.

510 1067 628 1132 Datum
650 1068 754 1132 Rome
776 1067 863 1150 apud
884 1072 1030 1132 sanctum
1052 1065 1184 1129 Petrum
1206 1063 1277 1127 xm
1300 1063 1459 1128 Kalendas
1480 1063 1596 1138 Martie
1625 1062 1728 1144 ponti·

386 1178 498 1243 ficatus
520 1177 621 1243 nostri
642 1196 730 1242 anno
751 1180 874 1242 octavo.

386 1553 440 1621 29.
461 1591 504 1601 -
527 1554 620 1623 1207.

551 1683 660 1768 beent
682 1681 812 1750 tiotcctb
835 1700 894 1748 non
917 1680 972 1747 &t
985 1680 1228 1764 (Bettmbmberq
1250 1679 1398 1760 betunbet,
1422 1680 1480 1755 boi
1502 1697 1534 1746 et
1555 1686 1644 1747 uertet
1665 1679 1725 1763 81¹²

554 1792 713 1875 tttmmung
734 1791 787 1857 tce
808 1788 1008 1873 benneham!
1030 1788 1149 1869 (ircim
1170 1788 1325 1866 bermone
1348 1807 1407 1855 uon
1429 1788 1638 1871 itoneneberp,
1670 1807 1729 1855 non

555 1902 619 1968 bem
635 1900 737 1968 ttitttt
751 1898 885 1977 bethem
901 1918 961 1965 non
979 1898 1168 1981 ssonqtirbm
1191 1896 1278 1981 (oben
1296 1896 1353 1963 sn.
1364 1898 1406 1961 25
1422 1916 1450 1963 o.
1463 1897 1631 1982 &preberet
1649 1897 1729 1961 1205

555 2011 611 2074 bos
626 2008 704 2075 btbe
717 2008 893 2090 itirenberg
916 2025 1006 2091 geom
1024 2007 1072 2072 ein
1087 2006 1163 2072 erte
1179 2007 1211 2072 in
1228 2005 1352 2087 titivm
1370 2011 1459 2071 anter
1473 2004 1650 2089 gurcbtunp
1672 2024 1729 2072 non

554 2116 596 2179 26
618 2116 709 2182 matr
739 2113 930 2200 cingetoutrbt
961 2114 1022 2181 unt
1047 2115 1128 2179 1207
1151 2115 1206 2180 ben
1228 2114 1360 2197 getimer
1382 2115 1434 2182 bet
1456 2114 1639 2199 birenheim
1661 2133 1729 2182 nom

555 2223 752 2306 Dcmpmptte
768 2222 917 2305 tortitia
940 2242 1030 2308 geum
1047 2225 1312 2307 auecnmormng
1334 2223 1531 2306 beessebnten
1553 2242 1612 2289 non
1635 2224 1730 2290 ciuem

554 2331 632 2397 brie
653 2331 685 2397 in
707 2330 878 2415 tedtinpm
899 2332 1141 2416 binnuetmotbm
1163 2330 1245 2414 bote.
1278 2369 1321 2379 -
1353 2332 1417 2414 itui
1438 2333 1489 2398 bet
1511 2330 1658 2411 ffltdieite
1681 2332 1730 2398 tet

554 2440 691 2506 tlrtunte
713 2440 758 2506 bie
780 2446 873 2506 umen
895 2439 1086 2523 mitgetbcitte
1102 2439 1297 2524 tteitdtiguug
1319 2440 1411 2520 bteiea
1433 2439 1562 2520 tepteteu
1582 2438 1729 2519 inuidet

554 2547 639 2629 hurd
661 2548 843 2630 aamercort
866 2547 1026 2630 tentttieb.

657 2678 803 2749 baninu:
821 2678 1019 2750 &toctsorrbtn
1054 2679 1151 2739 titud:
1170 2680 1261 2745 aruer
1278 2679 1329 2738 itt.
1347 2681 1407 2738 270.

512 2796 720 2882 Vocardus(!)
737 2797 795 2861 Dei
816 2799 916 2878 gratia
938 2800 1118 2880 prepositus
1132 2798 1246 2864 biontis
1267 2799 1363 2863 beate
1385 2796 1549 2862 Gertrudis
1571 2798 1602 2861 in
1626 2797 1729 2862 Osna-

386 2904 488 2986 burgh
511 2906 660 2970 omnibus
680 2905 741 2970 hec
761 2906 940 2987 legentibus
962 2910 1105 2970 eternam
1128 2906 1161 2969 in
1182 2907 1292 2970 salutis
1313 2909 1444 2970 auctore
1465 2904 1613 2971 salutem.
1645 2905 1729 2988 Sepe

386 3013 546 3094 contingit,
579 3015 613 3075 ut
635 3014 815 3076 contractus
836 3013 967 3095 legitimi
989 3014 1202 3079 dissolvantur
1223 3015 1273 3079 vel
1295 3014 1370 3097 quia
1391 3015 1545 3097 temporis
1568 3018 1688 3079 tractus
1709 3032 1729 3078 a

385 3120 540 3184 memoria
568 3121 764 3202 presentium
797 3122 912 3184 seriem
944 3123 989 3186 rei
1021 3126 1110 3204 geste
1143 3123 1269 3201 delevit,
1301 3122 1350 3186 vel
1384 3123 1458 3205 quia
1491 3122 1578 3205 quod
1605 3123 1681 3188 otim
1710 3141 1729 3187 a

386 3227 543 3310 prioribus
569 3233 674 3293 actum
704 3230 752 3291 est
780 3227 822 3292 ad
843 3233 1046 3311 posterorum
1067 3233 1215 3295 noticiam
1239 3250 1304 3296 non
1326 3232 1479 3314 pervenit.
1524 3209 1729 3314 Quapropter

386 3337 473 3420 quod
500 3356 521 3400 a
548 3337 640 3401 nobis
670 3339 776 3401 actum
806 3340 855 3401 est
877 3337 918 3402 ad
940 3338 1107 3404 utilitatem
1130 3339 1198 3404 Deo
1219 3341 1424 3405 serviendum
1446 3339 1479 3403 in
1500 3338 1598 3404 domo
1621 3342 1728 3404 nostre

386 3446 573 3528 provisionis
593 3445 710 3527 scripto
731 3445 887 3526 presentis
909 3447 1024 3529 pagine
1047 3448 1196 3514 duximus
1217 3447 1454 3526 commendare
1484 3467 1542 3529 per
1572 3466 1671 3530 quam
1699 3452 1730 3513 et

386 3554 581 3637 presentium
611 3554 767 3618 memoria
791 3554 920 3637 juvetur
948 3561 980 3621 et
1008 3559 1177 3640 posteritas
1209 3559 1393 3622 instruatur.
1435 3557 1555 3623 Notum
1577 3558 1617 3623 sit
1638 3558 1730 3641 igitur

387 3662 537 3729 omnibus
559 3682 691 3746 presens
714 3664 866 3745 scriptum
888 3663 1066 3745 legentibus
1088 3665 1137 3729 vel
1159 3666 1296 3742 lecturis,
1324 3665 1412 3748 quod
1434 3665 1566 3730 domum
1588 3667 1621 3731 in
1643 3667 1730 3731 Lint-

387 3773 484 3854 berge
506 3773 597 3836 sitam
620 3791 691 3836 cum
714 3772 862 3836 omnibus
884 3771 1090 3854 proventibus
1112 3774 1176 3837 suis
1198 3777 1332 3856 excepta
1353 3775 1478 3839 decima
1499 3794 1519 3838 a
1541 3775 1730 3843 Herebordo

387 3881 485 3944 milite
513 3880 554 3944 de
584 3879 813 3961 Langenvorde
844 3879 1068 3963 acquisivimus
1098 3880 1229 3946 ecclesie
1259 3885 1376 3958 nostre,
1407 3882 1540 3946 domum
1569 3903 1669 3949 unam
1698 3885 1731 3950 in

386 3990 493 4055 Buren
515 3991 608 4054 sitam
631 4009 704 4054 cum
726 3991 903 4073 adjectione
924 3989 1025 4054 XXVI
1047 4009 1225 4056 marcamm
1255 3990 1359 4055 eidem
1389 3990 1477 4055 militi
1499 3990 1530 4054 in
1553 3992 1731 4057 concanbio

387 4098 593 4180 resignantes.
635 4098 752 4163 Actum
783 4103 832 4163 est
853 4099 914 4164 hoc
935 4117 1021 4162 anno
1044 4098 1208 4163 Dominice
1230 4096 1455 4163 incarnationis
1477 4097 1676 4164 M⁰.CC⁰.V⁰.
1699 4101 1730 4165 in

388 4209 547 4291 presentia
568 4206 689 4271 domini
710 4206 842 4270 Gerardi
864 4207 1003 4289 episcopi
1025 4207 1290 4287 Osenburgensis,
1312 4206 1434 4271 comitis
1450 4206 1668 4294 Hermandi(!)
1691 4208 1731 4273 de

386 4315 604 4395 Ravensberg‚
628 4314 828 4396 presentibus
850 4314 1009 4380 canonicis
1030 4315 1160 4398 majoris
1183 4315 1327 4380 ecclesie:
1351 4314 1541 4400 Lienttrido)
1557 4318 1730 4399 preposito,

386 4422 563 4489 Teoderico
585 4423 717 4503 decano,
740 4423 887 4502 Remotio,
916 4422 1075 4501 Heinrico‚
1104 4423 1261 4501 iohanne,
1283 4422 1425 4488 Gerardo
1446 4425 1609 4505 preposito
1631 4426 1730 4490 sancti

386 4530 554 4608 Johannis;
576 4531 777 4615 presentibus
799 4532 895 4597 etiam
913 4532 1086 4597 nobilibus:
1109 4530 1303 4597 Godescalco
1326 4533 1366 4596 de
1389 4531 1547 4611 Ditiolthe,
1569 4533 1731 4598 Wittetmo

387 4640 427 4704 de
449 4639 576 4718 Holthe‚
609 4639 767 4705 Gerrardo
792 4641 832 4705 de
854 4639 1103 4719 Gravenhorsth‚
1135 4640 1285 4706 Comado
1307 4640 1348 4705 de
1371 4639 1568 4724 Harsthorpe
1601 4645 1634 4706 et
1664 4642 1730 4707 aliis

387 4768 483 4832 quam
526 4748 669 4831 pluribus
712 4748 982 4814 consentientibus
1025 4748 1187 4831 utrimque
1230 4769 1311 4832 quos
1355 4750 1496 4830 oportuit
1538 4751 1729 4816 consentire.

386 4854 501 4921 Postea
523 4875 598 4919 vero
621 4856 752 4921 ecclesie
773 4860 881 4921 nostre
904 4856 1040 4920 vidimus
1062 4856 1224 4939 expedire,
1247 4858 1272 4921 si
1295 4877 1368 4922 cum
1390 4860 1502 4924 ceteris
1524 4860 1731 4941 proventibus

387 4965 481 5029 etiam
510 4964 686 5047 perciperet
719 4966 875 5030 decimam
906 4966 987 5031 dicte
1019 4965 1134 5030 domus
1164 4985 1227 5049 que
1257 4967 1381 5032 decima
1412 4968 1453 5032 de
1483 4986 1583 5032 manu
1611 4968 1731 5033 domini

387 5071 538 5137 Lentiridi
564 5073 692 5157 majoris
722 5074 873 5157 prepositi
896 5073 1152 5155 osnaburgensis
1174 5095 1195 5139 a
1216 5075 1374 5142 Druberto
1397 5077 1493 5141 milite
1515 5077 1557 5140 de
1580 5076 1730 5143 Dorheim

386 5176 419 5243 in
442 5179 535 5245 teodo
558 5182 735 5246 tenebatur.
778 5180 922 5247 Eandem
951 5202 1027 5264 ergo
1057 5182 1214 5248 decimam
1242 5202 1301 5264 per
1328 5184 1550 5249 concambium
1572 5184 1651 5251 item
1673 5187 1732 5251 ob·

388 5288 547 5367 tinuimus,
570 5289 728 5355 decimam
750 5290 865 5356 domus
888 5291 920 5355 in
941 5291 1103 5375 Lictingen
1125 5292 1184 5356 site
1206 5292 1336 5359 domino
1350 5292 1545 5379 L(enttrido)
1567 5296 1731 5379 preposito
