4250 6109
440 648 483 715 26
1078 676 1146 734 rma

440 828 494 896 3⁷.
517 869 555 880 -
579 832 828 921 tbtttettoalta.
851 839 943 910 1202.

609 992 726 1078 titillant
751 996 888 1080 (berbmb
916 1018 974 1066 nou
1002 999 1177 1067 Dtuobtird
1205 999 1352 1079 betuubet,
1384 997 1441 1076 bob
1475 999 1522 1066 eiu
1554 998 1687 1081 ,miraeo
1718 1001 1782 1066 tem

608 1100 810 1178 atriaticum
839 1105 957 1186 broten
984 1108 1092 1190 illatio
1120 1128 1179 1177 uon
1201 1107 1377 1192 {libentium
1410 1108 1471 1174 trab
1501 1108 1567 1174 bem
1598 1108 1717 1190 dubitet
1748 1126 1783 1191 tu

607 1211 834 1297 ibitbeaboaleu
864 1235 963 1299 arpen
993 1218 1045 1285 bct
1075 1217 1347 1301 lleubrmbaebuteu
1378 1217 1430 1284 bet
1461 1215 1584 1285 auctura
1606 1216 1693 1281 Grad
1723 1215 1783 1300 (bei

609 1321 832 1407 &caelabuntur
854 1326 914 1393 aut
937 1325 1180 1410 tbttbetbuuieu)
1206 1325 1367 1410 praeterret
1390 1325 1492 1392 &tacit
1513 1325 1568 1393 ruit
1589 1325 1640 1392 bet
1661 1324 1785 1393 minoe

607 1429 659 1496 bet
682 1430 811 1512 broten,
834 1431 973 1514 &alume
996 1434 1082 1516 tatcb
1103 1433 1243 1517 ssubtuuu
1267 1452 1326 1501 aaa
1350 1433 1368 1497 7
1391 1432 1482 1500 illati
1502 1432 1642 1518 beipetcgt
1663 1433 1784 1500 ruatber

609 1536 652 1615 ii.
696 1538 762 1606 ibet
784 1539 900 1623 illidat
924 1542 1005 1626 butte
1030 1543 1086 1609 beu
1108 1541 1380 1626 bertradaebutcu
1408 1542 1472 1609 bem
1494 1541 1612 1624 amuel
1635 1541 1783 1627 aetherit.

713 1694 843 1767 attactu
870 1699 915 1757 bet
942 1702 983 1758 15.
1008 1698 1110 1770 §lubria
1136 1698 1172 1757 im
1198 1698 1396 1769 thithetbnuiet
1423 1697 1524 1767 babitu
1555 1696 1638 1768 (litia
1665 1700 1730 1756 107·
1756 1697 1785 1757 ia

713 1779 758 1838 bet
783 1779 930 1852 bittiatbrt
955 1783 1000 1842 bet
1022 1783 1296 1853 ttttertbumtueteina
1323 1799 1355 1856 pr
1379 1782 1506 1853 bituitus
1529 1784 1585 1843 22).
1620 1781 1706 1842 §baud
1731 1792 1785 1842 aaa

713 1864 871 2011 {philiam
887 1867 916 1926 in
935 1867 979 1928 bet
997 1867 1144 1939 Beitltbrib
1160 1869 1206 1939 tiu
1224 1868 1318 1928 batert.
1336 1866 1475 1937 (heidibae
1493 1868 1536 1934 ill,
1554 1866 1589 1927 ὅ.
1606 1869 1666 1927 238.
1691 1866 1786 1938 tlttier

566 2090 602 2153 ln
634 2091 763 2155 nomine
794 2095 904 2158 sancte
939 2096 971 2157 et
1004 2092 1164 2159 individue
1196 2093 1366 2161 Trinitatis.
1410 2093 1476 2176 Ego
1510 2093 1695 2159 Gerhardus
1727 2093 1786 2159 Dei

441 2199 543 2279 gralia
575 2198 696 2264 Osnab.
730 2201 897 2285 episcopus
930 2201 1085 2268 universis
1118 2201 1235 2267 Christi
1266 2203 1422 2282 fidelibus,
1459 2204 1502 2268 ad
1539 2222 1619 2286 quos
1651 2222 1786 2286 presens

440 2306 557 2390 pagina
578 2311 758 2391 pervenerit
786 2311 818 2374 in
849 2332 925 2378 vero
953 2312 1080 2378 salutari
1103 2311 1250 2377 salutem.
1293 2312 1341 2376 Ne
1364 2331 1403 2378 ea
1425 2330 1488 2395 que
1509 2315 1654 2395 tempore
1676 2316 1786 2378 nostre

440 2417 731 2483 amministrationis
774 2419 806 2484 in
847 2422 972 2506 dyocesi
1013 2425 1124 2487 nostra
1164 2425 1303 2503 aguntur
1338 2440 1359 2485 a
1396 2420 1488 2486 nobis
1525 2439 1583 2504 per
1619 2420 1787 2495 intervalla

440 2528 622 2609 temporum
655 2526 834 2594 futurorum
867 2531 981 2597 noticia
1014 2531 1189 2597 reddantur
1225 2529 1385 2612 incognita
1420 2533 1486 2593 tam
1520 2529 1655 2612 posteris
1688 2548 1788 2613 quam

442 2635 645 2717 presentibus
683 2638 871 2720 scriptorum
905 2639 1086 2703 testimonio
1117 2638 1264 2702 intimare
1297 2655 1455 2716 curamus,
1493 2638 1580 2720 quod
1620 2657 1694 2703 curn
1728 2658 1788 2703 nos

442 2742 630 2808 auctoritate
652 2741 711 2809 Dei
733 2746 959 2829 omnipotentis
988 2749 1019 2810 et
1050 2748 1160 2810 nostra
1190 2745 1347 2810 decimam
1376 2746 1537 2812 novalium
1567 2748 1599 2811 in
1622 2747 1787 2831 silvaque

443 2852 666 2934 appellabatur
703 2852 789 2920 Grad
830 2856 960 2921 ecclesie
999 2855 1252 2920 Wildeshusensi
1292 2874 1331 2920 ex
1371 2856 1493 2938 integro
1531 2857 1786 2939 contulissemus,

443 2960 574 3026 domina
596 2959 724 3028 Salome
747 2963 907 3028 comitissa
929 2962 969 3027 de
984 2962 1170 3044 Oldenborg
1191 2967 1223 3028 et
1244 2963 1327 3029 trtius
1349 2968 1417 3049 ejus
1440 2964 1638 3030 Christianus
1659 2970 1787 3049 partem

443 3068 566 3134 decime
588 3070 750 3136 novalium
780 3090 843 3154 que
872 3070 994 3136 ratione
1023 3071 1119 3136 curtis
1139 3067 1307 3137 Bnichove
1338 3073 1566 3139 excolebantur
1586 3074 1704 3157 injuste
1725 3074 1786 3140 im-

442 3179 553 3261 pedire
582 3181 686 3245 conati
717 3184 800 3247 sunt.
843 3180 936 3246 Unde
964 3182 999 3245 ut
1028 3180 1171 3246 canonici
1201 3183 1342 3264 predicte
1369 3182 1500 3248 ecclesie
1528 3181 1612 3248 hanc
1632 3184 1787 3267 injustam

443 3289 684 3372 occupationem
716 3289 919 3367 redimerent,
954 3289 1056 3354 eidem
1092 3289 1219 3354 domiue
1250 3295 1283 3355 et
1315 3290 1379 3355 tilio
1409 3292 1478 3373 ejus
1506 3294 1631 3373 septem
1660 3311 1786 3357 marcas

443 3397 565 3481 argenti
588 3397 754 3465 dederunt.
797 3398 930 3481 Insuper
951 3398 1057 3478 ctiam,
1089 3399 1175 3481 quod
1202 3399 1332 3464 domina
1354 3403 1386 3464 et
1406 3400 1489 3464 silius
1511 3403 1543 3464 et
1565 3401 1786 3466 ministeriales

443 3506 584 3588 ipsorum
618 3507 720 3571 arcius
755 3508 958 3590 expetebant,
995 3508 1143 3573 comitem
1176 3505 1362 3572 Mauricium
1394 3510 1615 3589 premortuum
1652 3509 1694 3573 ab
1729 3527 1787 3573 ex·

444 3615 736 3681 communicationis
758 3614 915 3679 sententia
946 3633 1043 3698 quarn
1074 3616 1107 3680 in
1135 3617 1238 3699 ipsum
1257 3618 1342 3699 juste
1363 3615 1538 3681 tuleramus
1560 3635 1619 3699 pro
1641 3616 1787 3700 dampno

445 3723 531 3807 quod
565 3723 640 3806 ipsis
672 3722 790 3788 fecerat
821 3723 880 3788 sub
915 3724 1114 3788 estimatione
1148 3722 1378 3805 quinquaginta
1404 3741 1594 3803 marcarum,
1627 3744 1687 3808 pro
1719 3744 1786 3808 quo

444 3833 540 3898 etiarn
563 3832 667 3897 divina
688 3831 922 3915 suspenderant
949 3850 988 3895 cx
1018 3834 1128 3896 nostro
1153 3832 1316 3909 mandato,
1344 3835 1500 3914 quantum
1522 3833 1555 3896 in
1576 3833 1651 3915 ipsis
1674 3837 1742 3899 erat
1765 3853 1787 3899 a

444 3940 536 4005 nobis
560 3939 691 4019 absolvi,
718 3938 931 4022 permiserunt
962 3940 1100 4022 acceptis
1122 3943 1230 4004 tamen
1251 3941 1294 4005 ad
1315 3941 1504 4021 ampliorem
1526 3939 1683 4005 cautelam
1706 3942 1788 4007 tide·

441 4048 632 4134 iussoribus:
674 4050 804 4115 domiuo
841 4048 1031 4125 Brunsteno,
1064 4048 1226 4114 Winando
1259 4049 1300 4114 de
1331 4047 1538 4126 Sconemore,
1569 4046 1788 4128 Hildewardo,

444 4156 642 4224 Theoderico
672 4157 822 4223 tratribus
852 4156 893 4221 de
915 4154 1117 4234 Hadbeleria,
1148 4155 1282 4221 Edelcro
1310 4155 1420 4220 Paden
1451 4156 1600 4222 militibus
1629 4158 1685 4239 qui
1710 4177 1789 4240 spo-

302 4292 307 4301 ·
443 4268 626 4351 panderunt
647 4286 706 4350 pro
728 4268 846 4333 Ottone
867 4266 1033 4332 domicello
1055 4265 1161 4331 adhuc
1183 4264 1349 4342 infantulo,
1371 4265 1458 4347 quod
1480 4266 1598 4331 iactum
1620 4265 1732 4330 matris
1754 4270 1789 4332 et

443 4375 558 4457 fratris,
580 4395 653 4441 cum
674 4378 717 4443 ad
738 4394 841 4441 annos
863 4374 1057 4440 discretionis
1078 4374 1268 4458 perveniret,
1290 4377 1397 4438 mtum
1419 4377 1503 4438 esset
1523 4375 1699 4440 habiturus
1743 4373 1788 4440 Ut

444 4491 553 4552 autem
574 4486 635 4551 bec
655 4490 726 4551 acta
748 4504 768 4550 a
790 4483 877 4548 nullo
899 4483 1023 4566 iniriugi
1045 4485 1186 4565 possent,
1208 4482 1347 4565 presenti
1368 4482 1482 4564 pagine
1504 4482 1630 4549 inscribi
1652 4482 1788 4550 fecimus

445 4598 478 4660 et
498 4595 597 4678 sigillo
619 4598 729 4660 nostro
750 4592 903 4671 roborari,
934 4590 1033 4674 sigillo
1062 4593 1095 4656 et
1122 4590 1252 4656 dominc
1278 4595 1310 4656 et
1337 4590 1492 4656 domicelli
1514 4591 1546 4656 in
1567 4594 1787 4659 testimonium

445 4704 491 4769 rei
519 4708 607 4786 geste
636 4721 790 4786 appenso.
833 4700 948 4766 Testes
976 4700 1127 4765 aderant:
1161 4698 1264 4765 clerici
1285 4699 1425 4780 Sigbodo
1448 4699 1597 4777 decanus,
1628 4698 1787 4767 Henricus

445 4817 561 4892 custos,
583 4812 787 4877 Hermannus
810 4808 980 4875 canonicus
1003 4810 1034 4872 ct
1055 4806 1126 4873 laici
1149 4807 1202 4891 crui
1225 4808 1457 4891 fidejusserunt.
1492 4806 1560 4871 Hec
1582 4811 1690 4872 autem
1713 4812 1787 4874 acta

445 4921 571 4987 suntin
594 4919 819 4986 Wildeshusen
840 4935 926 4983 anno
948 4914 1111 4983 Domlrricc
1133 4915 1354 4983 iuenmationis
1376 4913 1618 4980 u⁰ac⁰1x⁰v1
1640 4916 1709 4984 Kal.
1743 4955 1783 4967 -

446 5030 481 5094 ln
503 5029 720 5105 uninomina,
743 5026 882 5093 feliciter.
926 5023 1040 5091 Auum.

570 5186 659 5268 ibicis
680 5183 816 5252 tlrtuuba
843 5180 965 5260 bometti,
995 5178 1051 5259 boi
1074 5179 1154 5261 lutat
1182 5179 1289 5259 illaria
1311 5197 1370 5245 aura
1392 5176 1431 5244 D.
1454 5197 1509 5246 not
1532 5180 1614 5246 1209
1636 5182 1785 5266 acanthon

446 5296 481 5379 iit
509 5297 569 5365 aab
599 5294 684 5379 uidi,
714 5294 770 5361 mie
798 5288 973 5378 ucutbulirb
995 5288 1048 5372 orti
1071 5289 1180 5356 turrira
1210 5290 1260 5355 bu
1287 5305 1346 5355 aaa
1374 5305 1402 5355 u.
1423 5284 1595 5374 babenberg
1620 5290 1664 5357 tm
1686 5290 1788 5377 bouet
