4250 6109
993 710 1060 766 1203

354 867 396 937 i‘l.
417 907 460 918 -
483 869 578 941 1203.

522 1025 951 1109 berffiotuprooitssentlrteb,
973 1028 1417 1115 betffiorubecbautbbcobetirb
1439 1031 1500 1098 unb
1520 1029 1692 1115 bertltopit

520 1153 580 1202 oon
603 1135 658 1202 et.
681 1136 921 1222 &attrahentem
944 1138 1139 1218 tractantur,
1169 1139 1226 1216 bob
1254 1139 1290 1218 ire
1312 1140 1354 1207 im
1376 1139 1522 1224 iiuttroqe
1544 1140 1596 1206 bea
1619 1140 1694 1206 bot:

521 1243 623 1310 tincta
646 1244 747 1312 (butio
770 1264 829 1312 uon
850 1247 1019 1331 botellum
1041 1249 1125 1314 einen
1148 1247 1303 1330 &treittoil
1325 1247 1397 1316 iiber
1419 1267 1478 1316 oon
1501 1249 1550 1316 bet
1573 1248 1696 1316 tbittne

521 1352 668 1437 lintburg
690 1372 750 1421 oon
771 1353 1038 1437 Thedelinctorpe
1058 1353 1279 1438 (thietinqtort)
1302 1353 1366 1421 bern
1387 1353 1608 1439 Sobotrnealtiit
1628 1373 1695 1422 cor:

522 1462 687 1546 entbnttene
709 1462 980 1548 (betreibmbqoben
1009 1463 1094 1546 burri)
1124 1463 1208 1530 eiuen
1231 1461 1380 1547 ilerqteid)
1403 1462 1571 1548 qetdtidrtet
1593 1460 1696 1547 boten.

625 1617 756 1689 &bidritt
772 1618 817 1678 bet
836 1623 876 1679 14.
893 1618 993 1690 babet).
1011 1618 1040 1678 iu
1058 1618 1128 1687 litte.
1146 1621 1204 1686 201,
1223 1616 1259 1680 Ε.
1279 1620 1335 1679 117.
1361 1618 1445 1678 §itud
1462 1616 1697 1688 (unbottitiubiqlt

626 1700 789 1772 tituletur.
807 1705 858 1761 267
877 1705 923 1774 (ex
941 1704 1146 1774 autographoi).

478 1844 515 1909 ln
537 1843 665 1909 nomine
688 1846 796 1909 sancte
815 1849 845 1909 et
861 1844 1022 1910 individue
1035 1844 1209 1911 Trinitatis.
1230 1845 1360 1912 Noverit
1381 1849 1448 1911 tarn
1469 1847 1697 1913 modernorum

350 1954 519 2036 presencia
550 1971 647 2034 quam
677 1953 913 2018 succedentium
943 1953 1122 2036 posteritas,
1156 1954 1243 2037 quod
1270 1973 1330 2036 ego
1357 1953 1537 2020 Lentiridus
1567 1954 1697 2039 maj0ris

352 2062 485 2127 ecclesie
499 2060 645 2125 Osembr.
668 2064 848 2143 prepositus
871 2066 903 2125 et
924 2081 983 2143 ego
1001 2061 1218 2125 Theodericus
1241 2063 1343 2145 maj0r
1365 2061 1506 2126 decanus
1528 2082 1602 2127 cum
1623 2082 1697 2145 pre-

352 2171 458 2252 posito
474 2169 591 2233 Sancte
611 2168 775 2233 Gertrudis
796 2189 893 2253 super
914 2189 1020 2248 causa,
1044 2189 1107 2252 que
1129 2169 1211 2234 inter
1233 2170 1402 2236 canonicos
1424 2171 1524 2235 sancti
1543 2169 1697 2235 lobannis

353 2278 485 2343 ecclesie
508 2281 541 2342 et
557 2277 763 2359 Walburgem
787 2279 915 2342 viduam
939 2277 979 2341 de
995 2275 1262 2359 Thedelinctorpe
1285 2277 1469 2341 vertebatur
1485 2278 1697 2355 terminanda,

351 2388 545 2469 legationem
572 2405 591 2450 a
613 2387 743 2451 domino
765 2386 918 2451 Gwidone
941 2383 1144 2469 cardinalott)
1167 2386 1263 2450 talem
1285 2386 1478 2469 accepimus:
1512 2385 1568 2464 „G.
1592 2386 1698 2450 divina

353 2495 559 2561 miseratione
589 2494 773 2559 Prenestine
805 2495 889 2559 sedis
922 2494 1090 2577 episcopus
1128 2498 1236 2558 sancte
1271 2494 1418 2558 Romane
1458 2494 1542 2559 sedis
1573 2494 1697 2576 legatus

353 2604 475 2670 dilectis
497 2605 529 2668 in
552 2603 678 2669 Christo
700 2603 770 2668 filiis
791 2605 963 2686 preposito,
993 2602 1116 2667 decano
1147 2601 1275 2685 majoris
1298 2601 1428 2666 ecclesie
1450 2602 1482 2665 in
1505 2601 1641 2666 Osenbr.
1665 2604 1698 2664 et

350 2715 516 2797 preposito
550 2714 581 2776 in
615 2711 723 2776 Monte
759 2714 867 2776 sancte
900 2709 1063 2775 Gertrudis
1098 2710 1234 2774 salutem
1263 2708 1295 2773 in
1307 2711 1331 2792 ¹)
1363 2727 1471 2772 veram
1505 2709 1536 2772 in
1570 2708 1697 2775 Christo

351 2821 564 2885 dilectionem.
587 2819 632 2884 Ex
651 2822 741 2902 parte
757 2820 983 2884 canonicorum
997 2817 1128 2882 ecclesie
1146 2818 1245 2881 sancti
1262 2815 1415 2882 iohannis
1431 2817 1462 2881 in
1479 2816 1697 2898 Osembrucge

352 2928 485 3012 querela
507 2928 600 2993 nobis
622 2931 670 2991 est
693 2926 846 3010 exposita,
869 2927 955 3009 quod
969 2926 1151 3006 Walburgis
1173 2927 1267 2990 vidua
1289 2925 1320 2988 in
1336 2924 1601 3007 Thedelinctorpe
1618 2946 1698 3009 pen·

352 3037 444 3101 sione
467 3035 607 3118 quadam
631 3035 674 3098 eis
697 3036 859 3099 annuatim
888 3036 928 3100 de
954 3039 1038 3099 terra
1061 3036 1227 3118 cujusdam
1249 3034 1350 3117 predii
1378 3035 1590 3118 persolvenda
1612 3036 1698 3118 ipsos

349 3146 418 3229 jam
448 3163 506 3227 per
534 3142 651 3207 multos
673 3162 776 3207 annos
802 3142 983 3225 spoliaverit
1011 3147 1043 3207 et
1069 3145 1195 3226 penitus
1222 3143 1345 3208 solvere
1367 3145 1571 3210 contradicat.
1617 3143 1699 3221 Quia

352 3256 448 3336 igitur
478 3273 518 3317 ex
547 3251 655 3317 debito
685 3252 823 3334 suscepti
853 3251 946 3316 oflicii
975 3250 1067 3316 nobis
1096 3252 1229 3317 inminet
1259 3251 1473 3334 quommlibet
1505 3254 1578 3335 jura
1611 3253 1699 3317 illesa

353 3380 544 3428 conservare
574 3363 607 3424 et
637 3358 841 3424 ecclesiarum
874 3358 1094 3440 indempnitati
1128 3365 1282 3441 quantum
1315 3380 1487 3444 possumus
1519 3363 1697 3444 providere,

354 3472 446 3536 vobis
457 3470 645 3535 auctoritate
662 3466 757 3552 quoi)
770 3467 929 3549 fungimur
945 3465 1148 3549 precipiendo
1166 3469 1368 3547 mandamus,
1387 3469 1536 3552 quatinus
1555 3471 1698 3552 partibus

352 3582 387 3645 in
416 3580 614 3663 presenciam
638 3581 780 3641 nostram
789 3578 814 3659 8)
837 3575 1018 3639 convocatis
1051 3579 1083 3638 et
1104 3576 1219 3640 auditis
1242 3595 1304 3658 que
1326 3577 1399 3642 hinc
1421 3578 1559 3661 indeque
1582 3579 1698 3643 luerint

352 3688 575 3772 proponenda,
610 3687 695 3770 quod
726 3687 846 3768 justum
878 3685 972 3749 luerit
1004 3686 1158 3764 statuatis,
1192 3685 1342 3750 facientes
1376 3687 1462 3770 quod
1496 3687 1698 3753 decreveritis

353 3815 412 3879 per
433 3814 601 3860 censuram
625 3794 867 3859 ecclesiasticam
889 3793 1019 3857 firmiter
1042 3794 1214 3860 observari.
1237 3795 1349 3859 Testes
1366 3815 1442 3860 vero
1462 3795 1516 3878 qui
1535 3816 1570 3860 se
1585 3797 1698 3861 timore

352 3903 403 3969 vel
425 3904 499 3969 odio
521 3903 744 3981 subtraxerint,
775 3904 989 3966 testimonium
1021 3902 1142 3966 veritati
1172 3922 1231 3985 per
1260 3922 1429 3967 censuram
1452 3903 1698 3969 ecclesiasticam

352 4010 523 4095 perhibere
546 4009 772 4092 compellatis“.
816 4008 918 4092 Hujus
941 4011 1034 4091 igitur
1055 4009 1284 4074 commissionis
1313 4011 1500 4076 auctoritate
1528 4010 1697 4094 iungentes

353 4118 514 4184 inlocum
537 4118 683 4184 Osembr.
705 4120 814 4200 partes
835 4117 972 4199 legitime
995 4117 1248 4202 civitavimus(t);
1279 4118 1428 4183 iratribus
1458 4122 1566 4183 autern
1596 4120 1697 4185 sancti

353 4230 508 4295 lobannis
531 4229 582 4294 die
603 4230 729 4311 utrique
744 4228 824 4310 parti
841 4226 982 4309 predicto
999 4246 1107 4291 coram
1124 4228 1216 4292 nobis
1234 4229 1395 4311 injudicio
1411 4247 1445 4292 se
1464 4228 1698 4309 exhibentibus,

354 4337 537 4419 Walburgis
560 4338 655 4401 vidua
677 4355 836 4419 nusquam
859 4337 1043 4418 comparuit.
1089 4335 1159 4412 Que
1189 4336 1302 4400 debitis
1333 4337 1538 4402 citacionibus
1559 4339 1696 4403 vicissim

354 4447 507 4530 requisita
533 4465 605 4511 cum
632 4465 697 4511 non
720 4445 852 4522 veniret,
881 4448 979 4508 testes
1001 4464 1021 4508 a
1043 4444 1201 4509 canonicis
1224 4447 1324 4510 sancti
1346 4445 1503 4511 Johannis
1525 4448 1698 4530 productos

355 4555 617 4632 examinavimus,
640 4553 899 4619 attestacionibus
914 4554 1022 4636 itaque
1038 4555 1213 4637 prospectis
1230 4554 1420 4619 sententiam
1438 4554 1520 4620 terre
1542 4576 1645 4640 usque
1667 4558 1699 4622 in

355 4664 439 4728 diem
461 4663 639 4745 proximum
663 4661 839 4727 distulimus
864 4664 895 4723 et
916 4660 1090 4743 predictam
1120 4661 1247 4726 viduam
1276 4664 1319 4728 ad
1349 4664 1437 4727 illum
1466 4665 1550 4729 diem
1572 4666 1605 4729 in
1626 4685 1699 4748 pre·

355 4775 493 4837 sentiam
514 4775 658 4835 nostram
688 4771 803 4835 iterum
832 4769 912 4834 hora
934 4769 1098 4850 capitulari
1121 4771 1312 4836 vocavimus.
1357 4772 1511 4855 Sequenti
1542 4793 1618 4839 vero
1649 4775 1700 4839 die

351 4883 470 4965 judicio
482 4880 691 4963 presidentes,
707 4898 781 4944 cum
795 4883 939 4961 ternpore
952 4879 1071 4942 statuto
1083 4875 1264 4959 Walburgis
1280 4880 1375 4944 vidua
1390 4882 1534 4946 nondum
1552 4883 1699 4962 venisset,

355 4992 386 5055 in
407 5008 481 5054 eam
503 4991 540 5053 ut
562 4990 784 5054 contumacem
800 4987 1139 5052 excommunicacionis
1160 4986 1289 5052 tulimus
1306 4989 1506 5054 sententiam.
1530 4989 1699 5073 Deinceps,

355 5117 428 5163 cum
451 5097 607 5182 ajudicio
629 5098 834 5175 surreximus,
868 5094 1066 5178 Walburgim
1096 5097 1235 5176 viduam,
1269 5115 1332 5179 que
1363 5101 1437 5162 tunc
1465 5099 1497 5162 in
1527 5099 1701 5165 continenti

355 5210 497 5287 venerat,
519 5207 561 5272 ab
580 5226 619 5271 ea
635 5206 781 5271 cautione
799 5206 962 5289 juratoria,
986 5205 1073 5287 quod
1095 5224 1204 5270 coram
1225 5206 1318 5271 nobis
1333 5205 1546 5288 queremoniis
1567 5206 1698 5272 fratrum

355 5317 456 5382 sancti
483 5315 636 5382 lobannis
668 5317 887 5398 responderet,
921 5314 1007 5396 prius
1039 5319 1170 5397 accepta
1201 5315 1396 5380 absolvimus
1431 5317 1463 5379 et
1492 5315 1646 5397 judicium
1681 5336 1701 5385 a
