4250 6109
431 671 470 736 12
1067 695 1135 751 1203

427 853 562 918 sabbato
585 858 739 939 usquein
763 857 941 939 proximam
965 859 1139 923 secundam
1162 859 1272 923 leriam
1296 860 1482 923 distulimus,
1510 858 1602 923 Tunc
1624 858 1772 939 partibus

426 963 458 1027 in
488 964 652 1045 presencia
681 969 792 1029 nostra
822 965 999 1031 constitutis
1028 966 1186 1031 intellecto
1207 968 1389 1049 Walburgis
1412 968 1506 1031 vidua
1529 968 1598 1049 ejus
1619 965 1772 1048 injuriam

426 1090 484 1154 per
499 1073 596 1135 testes
612 1091 683 1136 esse
700 1073 869 1152 detectam,
887 1074 967 1138 sicut
981 1074 1095 1156 prefati
1112 1077 1253 1141 canonici
1268 1076 1501 1161 proponebant,
1519 1078 1591 1140 octo
1610 1094 1772 1140 annorum

426 1181 612 1264 pensionem
636 1201 671 1246 se
692 1201 758 1246 non
779 1183 921 1262 solvisse,
949 1184 1028 1248 sicut
1050 1183 1216 1263 debuerat,
1238 1185 1372 1250 tandem
1394 1186 1577 1267 recognovit
1599 1185 1773 1266 excipiens,

425 1292 551 1354 tantum
580 1311 615 1355 se
637 1292 697 1356 sub
721 1311 760 1357 ea
781 1311 942 1371 mensura,
972 1312 1068 1376 quam
1098 1293 1211 1358 iratres
1241 1294 1341 1357 sancti
1369 1291 1521 1357 lohannis
1549 1292 1773 1370 intendebant,

426 1398 543 1463 scilicet
564 1401 804 1482 quatuordecim
825 1402 1006 1466 modiorum
1029 1400 1251 1467 claustralis
1275 1419 1423 1465 mensure
1441 1401 1629 1484 pensionem
1647 1400 1774 1465 solvere

426 1526 492 1572 non
514 1507 642 1572 debere.
682 1509 750 1575 Hac
771 1511 866 1593 igitur
886 1510 1100 1592 recognitione
1122 1509 1205 1575 facta
1227 1514 1259 1574 et
1281 1510 1467 1592 exceptione
1489 1509 1640 1593 adjuncta
1662 1527 1774 1573 coram

426 1617 519 1683 nobis
547 1617 601 1682 lite
632 1638 698 1683 non
728 1623 903 1684 contestata
934 1618 1119 1701 interposito
1147 1618 1278 1683 consilio
1307 1622 1416 1701 partes
1446 1616 1652 1683 amicabiliter
1685 1637 1774 1682 com·

426 1727 592 1810 posuimus
622 1727 653 1791 in
675 1727 760 1792 hunc
781 1728 923 1807 modum,
955 1731 990 1792 ut
1012 1726 1193 1809 Walburgis
1215 1728 1310 1792 vidua
1332 1727 1492 1792 canonicis
1515 1726 1646 1792 ecclesie
1668 1726 1774 1791 sancti

427 1832 580 1898 lobannis
596 1833 626 1914 X
641 1835 766 1899 modios
787 1835 933 1899 urbane
955 1854 1105 1900 mensure
1119 1835 1376 1919 Osnabrugensis
1398 1840 1430 1900 et
1452 1836 1580 1900 dimidie
1602 1836 1643 1900 de
1665 1839 1774 1900 cetero

427 1942 495 2006 sine
517 1943 765 2008 contradictione
786 1943 990 2026 persolveret.
1014 1942 1066 2009 Sic
1086 1945 1281 2025 legacionem
1305 1965 1325 2011 a
1346 1946 1477 2010 domino
1502 1943 1663 2009 cardinale
1680 1943 1775 2008 nobis

427 2051 615 2116 mandatam
644 2051 767 2116 executi
794 2051 931 2116 formam
963 2054 1204 2138 composicionis
1233 2056 1302 2138 Jam
1334 2054 1453 2119 dictam
1486 2051 1674 2118 auctoritate
1709 2069 1775 2134 qua

427 2159 638 2241 fungebamur
670 2161 788 2223 servari
818 2162 994 2228 statuimus.
1039 2163 1143 2247 Hujus
1173 2162 1380 2227 institucionis
1408 2161 1434 2225 si
1462 2161 1532 2244 quis
1559 2158 1693 2223 violator
1715 2178 1773 2223 ex·

426 2269 530 2347 litent,
561 2268 781 2333 auctoritatem
812 2269 897 2334 beati
918 2269 1003 2335 Petri
1035 2271 1184 2354 principis
1213 2269 1431 2352 apostolorum
1465 2272 1497 2333 et
1530 2268 1651 2333 domini
1686 2287 1773 2351 pape

427 2395 552 2443 necnon
582 2376 702 2441 domini
731 2376 892 2443 Gwidonis
923 2380 1090 2445 cardinalis
1121 2384 1152 2443 et
1182 2381 1291 2444 nostra
1320 2378 1426 2462 ipsum
1457 2378 1625 2443 incurrisse
1656 2378 1774 2460 damp-

426 2485 594 2551 nacionem
615 2487 890 2554 sentenciavimus.
934 2488 1014 2553 Acta
1045 2491 1119 2552 sunt
1148 2487 1207 2553 hec
1238 2506 1323 2552 anno
1350 2486 1513 2552 Dominice
1542 2487 1774 2552 incarnacionis

427 2593 607 2660 M⁰CC⁰lll⁰
628 2597 660 2658 et
681 2613 767 2660 auno
788 2595 964 2660 indictionis
989 2633 1038 2662 -.
1067 2595 1272 2661 Prcsentibus
1294 2596 1423 2680 majoris
1445 2595 1575 2660 ecclesie
1597 2595 1775 2661 canonicis:

426 2702 575 2782 Rodollo,
598 2702 748 2768 Bertoldo
770 2703 810 2768 de
833 2703 945 2782 Wede‚
967 2703 1135 2769 Thiderico
1158 2705 1199 2770 de
1220 2705 1389 2770 Kurebelre
1411 2707 1442 2768 et
1464 2704 1574 2788 laycis:
1600 2702 1773 2768 Thiderico

428 2813 570 2895 Stcmpel
593 2816 624 2876 et
647 2812 710 2877 filio
733 2813 801 2895 ejus
823 2810 978 2877 iohanne.

531 2996 552 3064 ¹)
572 2994 635 3063 [¹⁰st
652 2998 687 3048 el·
705 3025 738 3032 -
758 2993 778 3062 ²)
796 2993 859 3063 nan
875 3010 938 3062 qua.
958 3023 988 3032 —
1008 2994 1031 3062 ³)
1048 2993 1112 3063 ttott
1128 2999 1256 3048 vestram.

427 3370 472 3438 16.
495 3408 536 3418 -
557 3367 737 3453 burhredi.
760 3367 853 3448 1203,
875 3365 971 3452 aare
994 3368 1046 3438 66.

596 3517 677 3600 (bret
706 3516 782 3585 nno
810 3534 869 3584 oon
897 3516 1054 3599 ttentbetm
1084 3516 1145 3583 nnb
1176 3516 1313 3584 bothnin
1344 3516 1555 3601 (Balduynus)
1587 3514 1648 3595 teta
1679 3513 1773 3598 &obn

596 3625 825 3710 nutettcbtctben
864 3625 910 3692 bie
942 3624 1126 3709 tletteitrung
1158 3626 1209 3692 ber
1239 3623 1422 3707 ssossttettcit
1454 3641 1493 3690 aa
1526 3622 1571 3689 bie
1606 3623 1706 3704 ttttde
1738 3641 1774 3707 gu

598 3736 676 3803 tttue
697 3734 782 3818 hurd
804 3735 860 3802 ben
883 3733 999 3816 (broten
1022 3735 1152 3818 aterne
1174 3753 1204 3800 o.
1226 3731 1364 3812 butant.

699 3894 725 3944 b.
747 3884 770 3943 b.
795 3883 894 3954 ttetgb,
922 3883 1157 3939 Oorlrondenboelr
1184 3898 1237 3936 van
1261 3881 1381 3935 Helland
1406 3896 1441 3934 en
1465 3880 1583 3935 Zeeland
1606 3880 1626 3944 1,
1653 3877 1704 3938 aa.
1724 3881 1774 3936 195

701 3971 745 4041 (gu
766 3970 854 4039 1204).

427 4341 474 4408 te.
497 4379 536 4390 —
560 4342 843 4427 1206666124.

596 4489 775 4574 ttttotaette
804 4491 838 4556 in
866 4490 917 4557 bet
943 4486 1143 4572 ittottettitcte
1164 4507 1199 4573 gu
1228 4484 1451 4569 tractatura
1485 4483 1601 4568 tlttdol
1634 4483 1773 4568 diethart

596 4617 654 4667 von
676 4597 858 4666 Donabttd.

476 4770 480 4775 ·
554 4749 603 4813 lnt
632 4749 702 4832 jaer
738 4765 798 4811 nar
830 4745 947 4811 Christi
979 4743 1145 4825 geboirten
1186 4743 1302 4807 dusent
1334 4741 1558 4808 twenhondert
1590 4745 1658 4810 und
1692 4746 1775 4811 drud

429 4856 565 4943 (dreye),
595 4855 721 4921 indictio
748 4874 810 4935 ses,
841 4856 874 4919 in
904 4855 961 4920 der
990 4851 1101 4918 achste
1130 4850 1289 4916 kalenden
1310 4849 1384 4932 Maij
1415 4849 1514 4914 edder
1543 4853 1605 4917 den
1628 4853 1671 4918 24
1692 4854 1775 4920 dach

429 4964 555 5049 Aprilis,
585 4963 618 5029 in
647 4963 703 5028 het
729 4962 874 5046 testdage
902 4964 960 5028 des
981 4960 1119 5042 heiligen
1141 4959 1266 5042 Georgij
1290 4959 1316 5022 is
1338 4958 1384 5023 dit
1405 4956 1526 5023 herlich
1548 4960 1629 5025 altar
1650 4967 1776 5047 gewyct

429 5091 493 5138 van
522 5074 585 5139 den
615 5072 831 5154 eerwerdigen
861 5071 893 5134 in
922 5068 993 5135 God
1022 5068 1122 5133 vader
1151 5068 1219 5132 und
1249 5067 1378 5145 heeren,
1407 5064 1528 5131 heeren
1555 5067 1678 5135 Gerard
1712 5090 1776 5136 van

430 5182 535 5250 Gades
556 5183 703 5264 genaden
724 5180 873 5262 hisschop
895 5177 951 5244 tho
974 5175 1174 5258 Oosnabrug.

701 5326 786 5387 bruci
802 5323 864 5395 norb
882 5322 951 5392 aare.
971 5324 1033 5381 181:
1051 5321 1149 5395 atina
1166 5323 1236 5391 XIV,
1254 5321 1289 5384 Θ.
1308 5326 1352 5382 66.
