4250 6109
961 646 1028 700 1222
1605 621 1663 687 107

315 807 420 888 patrui
454 809 611 885 advocati,
646 809 844 892 Amelungus
878 812 918 876 de
952 811 1028 875 Line
1063 809 1185 890 dapifer
1218 812 1336 885 noster,
1375 808 1428 888 qui
1468 805 1666 870 dictaverunt

317 916 495 980 sententias
534 917 629 999 hujus
670 918 752 984 iacti.
796 919 918 984 Aderat
956 921 1053 983 etiam
1093 919 1268 983 avunculus
1305 919 1414 981 noster
1455 912 1666 996 Engelbertus

318 1024 493 1088 canonicus
514 1028 614 1089 sancti
634 1025 784 1091 Andreae
807 1028 839 1090 in
858 1026 1003 1104 Colonia3
1028 1028 1068 1092 de
1091 1026 1346 1091 ministerialibus
1368 1024 1497 1089 nostris:
1522 1021 1666 1086 Liborius

318 1133 357 1197 de
378 1131 670 1217 Thiedelinclorpe,
701 1135 917 1201 Tbiethardus
943 1138 1100 1215 Ledebur,
1133 1134 1340 1199 Bernhardus
1367 1134 1408 1197 de
1437 1131 1665 1210 Varencampe,

319 1240 534 1306 Walravenus
563 1242 603 1306 de
634 1242 833 1324 Stenvordia,
867 1244 1076 1328 Engelbertus
1110 1243 1304 1308 camerarius
1337 1245 1446 1306 noster
1478 1244 1510 1304 et
1541 1238 1593 1304 alii
1625 1238 1665 1301 de

321 1349 436 1415 familia
459 1353 571 1415 nostra
593 1370 690 1434 quam
712 1352 831 1434 plures.

427 1560 449 1623 ¹)
469 1563 523 1613 bon
543 1557 763 1629 622222222ιὶ22.
783 1591 815 1599 -
837 1562 859 1626 ²)
879 1566 932 1615 bon
952 1559 1099 1631 brordan,
1121 1591 1153 1598 -
1174 1560 1196 1624 8)
1217 1558 1277 1626 ttott
1296 1554 1480 1612 (todesridust

322 2012 385 2079 145.
409 2052 448 2061 -
474 2012 778 2099 22222221222.

492 2170 557 2237 §bct
585 2169 781 2252 2222222222
803 2170 984 2252 5222222222
1007 2170 1146 2238 itemhott
1176 2171 1236 2237 unb
1265 2171 1321 2237 tar
1353 2187 1441 2254 22222
1471 2166 1667 2249 wartalda

491 2277 609 2360 dubitet
631 2276 786 2357 belunben,
809 2278 867 2358 bob
888 2280 944 2346 bos
966 2280 1079 2359 ittotlet
1101 2278 1268 2363 2222222222
1289 2296 1349 2345 222
1364 2276 1553 2361 bactildem
1576 2275 1667 2359 (hur-

491 2387 600 2472 lande)
631 2388 712 2454 eines
741 2386 836 2471 natea
867 2390 901 2455 in
931 2388 1041 2469 berthe
1053 2391 1080 2475 ¹)
1108 2390 1182 2471 nicht
1209 2387 1290 2470 metr
1319 2385 1368 2453 cte
1401 2386 1439 2449 12
1462 2383 1610 2469 2322ηηὶ22
1632 2403 1668 2468 pt

490 2495 592 2581 ,ahten
614 2495 791 2579 ocrpffiddet
812 2497 861 2578 tei.

589 2653 732 2725 Drigtnct:
752 2653 911 2725 &stritttrbrss
931 2654 1026 2723 222ῇί2
1046 2667 1078 2725 ,u
1098 2652 1199 2723 bibrbc.

449 2796 636 2862 innomine
658 2796 792 2861 Domini
812 2816 912 2861 amen.
935 2796 1136 2861 Remboldus
1152 2797 1209 2862 Dei
1231 2801 1331 2880 gratia
1354 2800 1455 2881 major
1477 2796 1667 2878 prepositus,

323 2905 558 2992 il(ermannus)
581 2905 720 2970 decanus
741 2909 892 2987 totusque
915 2906 1043 2987 majoris
1067 2906 1196 2970 ecclesie
1218 2907 1250 2971 in
1273 2905 1465 2971 Monasterio
1493 2908 1669 2970 conventus

323 3014 558 3097 inperpetuum.
602 3012 761 3090 Quoniam
795 3012 910 3094 fragilis
944 3015 992 3077 est
1024 3016 1179 3079 memoria
1217 3015 1383 3080 hominum
1422 3019 1454 3079 et
1485 3014 1668 3079 mortalium

323 3122 426 3186 brevis
457 3125 505 3185 est
535 3122 607 3199 vita,
636 3124 823 3204 precantum
855 3124 903 3185 est
934 3126 965 3185 et
994 3122 1162 3187 salubriter
1190 3124 1377 3202 institutum,
1411 3127 1445 3188 ut
1474 3142 1532 3206 per
1562 3123 1668 3205 apices

324 3230 498 3295 litterarum
527 3230 695 3313 adjuvetur
720 3230 875 3294 memoria
904 3234 936 3294 et
966 3249 1077 3295 eorum
1100 3250 1162 3313 que
1184 3233 1215 3296 in
1237 3232 1388 3313 preterito
1410 3234 1556 3314 tempore
1578 3234 1669 3313 gesta

323 3343 394 3404 sunt
427 3338 541 3403 notitia
574 3339 616 3403 ad
650 3340 796 3419 posteros
825 3339 1066 3404 transmittatur.
1110 3339 1248 3405 Proinde
1280 3343 1347 3404 tam
1379 3340 1536 3422 presentis
1571 3358 1668 3423 quam

324 3447 426 3512 future
449 3448 541 3513 etatis
562 3447 709 3511 homines
732 3445 811 3510 scire
834 3448 989 3528 cupimus,
1019 3447 1107 3530 quod
1128 3451 1164 3512 ut
1186 3450 1285 3513 locius
1308 3449 1478 3513 dubietatis
1500 3449 1667 3532 scrupulus

324 3560 492 3637 resecetur,
515 3559 690 3622 conventus
711 3557 744 3619 in
766 3554 967 3619 Hersebroke
989 3555 1029 3618 de
1052 3554 1245 3637 quibusdam
1267 3559 1350 3639 agris
1372 3557 1584 3635 conducticiis,
1614 3560 1668 3640 qui

324 3664 479 3730 turlanda
505 3665 651 3729 dicuntur
673 3668 705 3729 et
725 3664 775 3728 siti
797 3666 871 3729 sunt
892 3663 952 3727 sub
976 3663 1117 3745 quodam
1144 3683 1258 3729 manso
1285 3666 1318 3728 in
1340 3664 1448 3730 Herde
1469 3664 1525 3728 XII
1548 3666 1670 3731 denarii

325 3774 552 3841 obedientiario
585 3774 680 3838 curtis
709 3774 740 3836 in
769 3772 948 3837 Holtbusen
982 3769 1112 3853 singulis
1143 3774 1235 3836 annis
1269 3772 1301 3836 in
1334 3772 1415 3838 testo
1444 3773 1570 3837 Martini
1599 3774 1668 3838 sine

325 3883 408 3949 omni
431 3881 615 3948 difficultate
643 3900 702 3963 pro
731 3898 839 3945 annua
868 3882 1022 3963 pensione
1051 3882 1226 3962 assignabit
1253 3885 1284 3946 et
1313 3881 1398 3947 idem
1422 3882 1668 3947 obedientiarius

325 3991 392 4074 plus
411 4010 477 4056 non
494 3990 643 4073 requiret.
666 3989 714 4052 Ne
736 3990 830 4072 igitur
846 3990 1057 4072 inposterum
1080 3988 1187 4070 aliqua
1208 3989 1343 4055 suboriri
1365 3992 1465 4074 possit
1486 3991 1669 4073 calumpnia

325 4101 464 4183 predicte
494 4098 656 4181 pensionis
683 4099 849 4180 requirens
879 4097 1025 4181 tytulum,
1056 4100 1239 4179 presentem
1270 4099 1419 4181 paginam
1450 4099 1565 4164 exinde
1592 4120 1669 4165 con-

324 4211 472 4294 scriptam
495 4208 594 4290 sigillo
617 4207 747 4273 ecclesie
769 4211 877 4272 nostre
899 4206 1030 4271 lecimus
1053 4208 1249 4270 communiri.
1290 4208 1372 4288 Acta
1399 4212 1473 4273 sunt
1502 4208 1562 4273 hec
1584 4228 1669 4273 anno

323 4318 420 4399 gratie
448 4315 617 4380 millesimo
640 4314 827 4381 CC⁰.XXII⁰
855 4333 963 4380 coram
991 4315 1125 4379 testibus
1159 4335 1295 4397 quorum
1328 4318 1459 4382 nomina
1491 4320 1566 4381 sunt
1594 4317 1669 4383 hec:

324 4425 530 4490 Hermannus
559 4424 661 4505 major
693 4424 844 4501 decanus,
877 4414 1090 4487 wenemarus
1125 4422 1165 4486 de
1198 4423 1378 4504 Seliwalde,
1411 4424 1596 4490 Woltherus
1629 4427 1669 4491 de

325 4534 478 4612 Hustede,
514 4531 645 4609 Franco,
679 4532 850 4596 Lutbertus
885 4532 925 4596 de
958 4531 1144 4610 Benethem,
1178 4531 1382 4595 Hermannus
1416 4532 1456 4596 de
1489 4532 1670 4612 Borclrorst,

324 4644 488 4726 ludgerus
518 4641 658 4705 decanus
689 4641 789 4706 sancti
821 4639 955 4718 Martini,
987 4639 1144 4718 Nicolaus,
1177 4639 1381 4704 Hermannus
1403 4641 1443 4705 de
1466 4640 1610 4706 Hustede
1638 4644 1670 4704 et

325 4753 371 4818 alii
392 4770 495 4837 quam
518 4751 634 4833 plures.

449 4908 537 4989 dieite
558 4908 610 4975 bet
632 4906 847 4990 222222τὶ2222
870 4907 1119 4991 2222222222.

429 5191 451 5258 ι)
472 5184 644 5258 Uebrtictrtitt
662 5189 698 5244 tm
718 5186 830 5257 cupiat:
849 5205 884 5256 yn
903 5188 1015 5243 Storkcc
1033 5187 1101 5242 hues
1119 5191 1148 5242 to
1167 5186 1268 5240 Herde.
