4250 6109
1031 660 1098 716 1212
1700 643 1740 707 39

389 821 1039 905 m—mmfflfflmmffl

559 954 674 1056 titiant
706 955 842 1040 uectari
873 976 932 1026 oon
959 957 1131 1026 Danabrttrt
1163 957 1304 1035 habitunt
1333 957 1389 1022 ben
1421 955 1553 1040 Umtaug
1584 957 1635 1023 bea
1668 973 1737 1022 neu:

562 1066 758 1151 gcgritnbeteu
780 1066 955 1150 dirbtpieia
978 1068 1033 1135 &t
1057 1067 1112 1135 uit
1134 1067 1179 1133 bet
1201 1063 1414 1134 tbiebenbrtid.

657 1200 787 1272 tibldritt
815 1203 843 1257 tn
870 1202 1013 1273 petricius
1041 1202 1126 1259 tte&
1151 1203 1188 1269 11,
1215 1200 1253 1257 ui.
1278 1200 1313 1254 37
1341 1201 1387 1266 (ex
1414 1200 1485 1254 arch.
1511 1197 1603 1265 cett).
1641 1196 1737 1254 brad:

658 1286 751 1350 urata
770 1287 820 1343 ru.
839 1288 899 1343 274.

517 1406 701 1472 Gerbardus
723 1406 781 1470 Dei
803 1407 904 1488 gratia
921 1407 1177 1490 Osnabrugensis
1199 1408 1368 1490 episcopus
1391 1403 1540 1468 omnibus
1561 1403 1595 1465 in
1612 1400 1738 1466 Christo

390 1515 537 1581 fidelibus
560 1519 748 1598 perpetuam
770 1515 907 1580 salutem
930 1516 962 1579 in
985 1536 1060 1580 vero
1083 1515 1221 1580 salutari.
1245 1512 1405 1591 Quoniam
1428 1530 1467 1575 ea
1489 1529 1551 1593 que
1574 1510 1738 1590 geruntur,

390 1643 433 1686 ne
470 1624 520 1688 vel
556 1626 687 1706 propter
729 1624 943 1690 temeritatem
979 1624 1220 1706 malignantium
1257 1622 1484 1685 subvertantur
1520 1619 1570 1682 vel
1608 1620 1739 1700 propter

391 1730 566 1794 memoriae
598 1730 752 1795 lubricum
783 1736 949 1797 transeant
982 1734 1011 1797 in
1044 1733 1235 1798 oblivionem
1262 1730 1378 1795 utiliter
1402 1732 1434 1792 et
1463 1727 1594 1810 provide
1622 1726 1738 1809 scripto

388 1838 607 1902 commendari
629 1839 741 1906 solent.
785 1841 860 1905 ldeo
883 1841 1012 1925 quidem
1035 1860 1075 1906 ea
1098 1860 1181 1924 quae
1207 1859 1268 1904 nos
1289 1838 1421 1903 lecimus
1443 1835 1582 1919 presenti
1599 1835 1736 1918 paginae

390 1947 516 2012 inscribi
539 1948 669 2029 dignum
694 1950 785 2014 nobis
807 1949 911 2014 visum
933 1949 991 2015 luit
1013 1955 1043 2014 et
1066 1950 1150 2016 utile.
1179 1949 1288 2014 Sciant
1308 1948 1401 2029 igitur
1423 1964 1545 2023 omnes,
1569 1943 1657 2027 qnod
1678 1963 1737 2008 nos

390 2055 547 2137 capellam
574 2055 606 2118 in
635 2054 874 2139 widenbrugge
905 2058 946 2121 ad
977 2057 1134 2122 honorem
1157 2057 1214 2121 Dei
1244 2059 1275 2120 et
1305 2057 1399 2120 beate
1428 2053 1548 2119 Mariae
1580 2056 1611 2117 et
1639 2051 1739 2116 sancti

390 2163 449 2226 Viti
480 2165 695 2227 constructam
726 2183 914 2245 promovere
944 2166 1117 2248 cupientes,
1149 2168 1184 2229 ut
1214 2166 1245 2228 in
1276 2184 1315 2229 ea
1344 2166 1499 2247 perpetuo
1526 2161 1632 2227 divina
1654 2161 1739 2225 cele-

392 2269 528 2334 brentur
544 2270 657 2349 officia,
680 2272 838 2353 quasdam
857 2274 971 2337 domus
994 2291 1077 2355 quae
1092 2272 1221 2337 interius
1237 2274 1457 2356 exprimuntur
1473 2271 1577 2335 eidem
1596 2269 1738 2352 capellae

389 2397 449 2461 pro
471 2378 623 2461 parochia
639 2398 716 2471 'cum
740 2381 826 2444 omni
847 2382 1017 2463 parochiali
1037 2382 1109 2464 jure
1130 2383 1172 2446 ad
1193 2382 1408 2447 honestiorem
1427 2378 1599 2444 sacerdotis
1617 2377 1735 2442 ibidem

390 2486 583 2550 celebrantis
614 2487 838 2552 exhibitionem
877 2489 1097 2572 asscripsirnus
1136 2494 1167 2554 et
1200 2490 1353 2553 stabiliter
1385 2487 1625 2568 assignavimus
1663 2504 1738 2569 pro·

390 2594 539 2658 hibentes
577 2596 637 2659 sub
678 2598 1015 2676 excommunicatione,
1054 2617 1095 2661 ne
1134 2599 1204 2681 quis
1241 2599 1438 2680 inposterum
1475 2595 1559 2659 hanc
1595 2597 1737 2659 nostram

391 2703 626 2768 ordinationem
655 2704 856 2787 aliquatenus
885 2706 1003 2770 audeat
1031 2705 1201 2785 intringere
1229 2706 1279 2769 vel
1308 2705 1340 2769 in
1367 2704 1506 2769 deterius
1528 2707 1736 2768 commutare.

392 2811 515 2876 Domus
551 2830 635 2889 vero,
673 2832 754 2895 quas
786 2813 890 2877 eidem
923 2813 1063 2896 capellae
1095 2815 1125 2877 in
1159 2814 1341 2897 parochiam
1377 2812 1524 2878 dedimus
1554 2812 1615 2876 hae
1648 2814 1736 2876 sunt:

392 2920 563 2984 duodecim
586 2920 711 2999 domus,
734 2940 817 3003 quae
840 2921 919 2986 sitae
940 2927 1015 2986 sunt
1037 2923 1118 2987 circa
1139 2922 1293 3005 capellam
1316 2942 1399 3006 quae
1423 2922 1535 3001 eidem,
1561 2926 1736 3005 antequam

392 3027 474 3092 haec
497 3027 729 3107 ordinaremus,
758 3028 886 3094 fuerunt
913 3030 1104 3112 assignatae,
1135 3032 1210 3095 item
1241 3032 1324 3096 duae
1351 3033 1466 3096 domus
1492 3030 1524 3094 in
1545 3030 1737 3111 Rotlinclr,¹)

391 3137 476 3199 duae
507 3136 622 3200 domus
644 3136 839 3214 Thvibusen‚
873 3139 955 3202 duae
985 3140 1101 3204 domus
1123 3139 1280 3218 Ascbove,
1310 3138 1394 3203 duae
1425 3139 1540 3204 domus
1562 3138 1736 3204 Geverten·

392 3244 525 3329 horst,¹)
547 3264 612 3309 una
635 3246 750 3310 domus
771 3245 944 3328 Nigenhus
989 3247 1031 3311 Ut
1059 3248 1153 3329 igitur
1181 3249 1213 3312 in
1234 3251 1398 3331 postemm
1420 3248 1500 3312 haec
1521 3250 1630 3311 nostra
1652 3246 1736 3310 ordi-

392 3355 480 3419 natio
507 3357 576 3417 rata
598 3359 728 3418 maneat
759 3359 789 3419 et
819 3355 1012 3433 inconvulsa,
1042 3358 1225 3438 presentem
1255 3357 1404 3438 paginam
1434 3355 1547 3418 seriem
1574 3355 1736 3435 reigeste

392 3464 609 3527 continentem
632 3463 840 3546 impressione
862 3463 952 3544 sigilli
974 3465 1074 3528 nostri
1101 3463 1232 3528 fecimus
1260 3463 1457 3528 communiri.
1502 3461 1639 3526 Nomina
1660 3480 1735 3525 vero

391 3571 521 3635 testium
544 3570 672 3657 quae(!)
703 3574 868 3653 presentes
898 3576 989 3636 erant
1016 3572 1097 3636 haec
1126 3576 1213 3636 sunt:
1245 3572 1420 3638 Reinoldus
1442 3572 1601 3650 sacerdos
1633 3570 1736 3634 Wulf-

388 3681 510 3763 gaug⁸)
533 3680 573 3744 de
595 3679 849 3763 Blanlxendorpe,
879 3680 1083 3767 Altgrinus(!)
1105 3683 1146 3746 de
1167 3682 1271 3763 lburg,
1300 3681 1421 3745 Werno
1444 3681 1484 3744 de
1506 3679 1734 3755 Westerwede‚

388 3788 599 3870 Engelbertus
622 3791 653 3853 et
675 3788 773 3852 trater
795 3790 863 3872 ejus
883 3790 1074 3868 Alexander,
1096 3789 1264 3854 Benneclxe
1287 3789 1404 3853 villicus
1427 3789 1467 3854 de
1485 3788 1734 3869 widenbrugge,

388 3897 556 3962 Gerrvinus
573 3896 883 3978 Wilberdinghusen,
906 3898 1067 3976 AlbertuS,
1084 3897 1320 3963 Hildebrandns
1337 3898 1420 3961 cives
1435 3897 1467 3959 in
1484 3894 1732 3977 Widenbrugge.

388 4008 470 4071 Acta
492 4009 567 4070 sunt
589 4005 668 4069 haec
690 4024 776 4069 anno
799 4005 1021 4069 incarnationis
1044 4005 1171 4069 Domini
1194 4004 1354 4080 MCCXll;
1376 4005 1459 4068 Xllll
1481 4004 1529 4068 Kl.
1551 4003 1643 4069 lunii.

497 4157 517 4221 ¹)
538 4155 598 4225 ltatt
616 4155 845 4210 Roccinckbuseu.
865 4187 897 4195 -
918 4156 940 4224 ²)
960 4155 1020 4226 ltatt
1039 4156 1189 4211 Gereteub.
1214 4186 1246 4194 -
1275 4155 1297 4223 ⁸)
1317 4154 1378 4226 ltott
1397 4154 1583 4210 wulfhelmus
1601 4155 1635 4208 de
1654 4154 1732 4209 Blalr.

387 4416 443 4482 52.
464 4454 507 4465 -
530 4416 649 4502 niara.
672 4416 766 4497 1212,
789 4414 866 4487 urat
887 4416 939 4487 22.

558 4546 673 4630 bildral
696 4548 832 4632 (terimi
855 4565 914 4615 oon
935 4547 1108 4615 nanuum
1137 4548 1301 4635 genebmigt
1330 4550 1385 4618 ben
1411 4549 1496 4633 bord)
1518 4551 1564 4617 bie
1586 4548 1730 4631 ttebtillur

557 4653 662 4738 &toria
678 4673 737 4723 oon
753 4654 921 4740 benebrod
938 4655 1152 4741 ouagettbrten
1174 4656 1318 4740 tttdtuaf
1340 4658 1539 4743 bergetano
1560 4677 1619 4727 oon
1638 4660 1732 4728 einen

556 4763 632 4831 urbe
653 4782 688 4848 gu
710 4763 847 4850 Velde1)
870 4766 930 4832 arab
953 4764 1122 4850 abecetgnet
1144 4766 1195 4849 itin
1218 4767 1283 4834 bem
1304 4766 1426 4847 tttolter.

654 4888 795 4960 Dttginot:
815 4889 975 4961 &sichildae
995 4889 1091 4961 attilo
1110 4904 1143 4961 gu
1163 4890 1264 4961 libabo.

514 4991 549 5053 ln
581 4991 708 5056 nomine
737 4998 845 5057 sancte
877 4997 909 5058 et
939 4994 1100 5059 individue
1130 4993 1300 5058 Trinitatis.
1344 4994 1527 5060 Gerhardus
1550 4994 1609 5060 Dei
1630 4997 1732 5078 gratia

387 5099 644 5181 Osnabrugensis
666 5100 833 5184 episcopus
851 5102 999 5168 omnibus
1016 5100 1131 5167 Christi
1154 5102 1298 5167 fidelibus
1320 5105 1386 5168 tarn
1408 5104 1608 5185 presentibus
1632 5125 1730 5188 quarn

497 5282 517 5348 ι)
537 5279 589 5349 &aa
609 5279 727 5351 itcgtltcr
746 5279 793 5336 tce
813 5280 942 5349 boulara:
963 5282 1067 5337 decima
1085 5283 1113 5337 in
1131 5283 1225 5352 predio
1244 5284 1379 5339 Velnnan.
