4250 6109
1030 691 1094 746 1217
1693 679 1730 742 61

387 851 548 934 praefixus
571 854 613 917 ab
637 872 675 916 co
697 858 728 917 et
750 852 877 934 collegis
899 852 964 916 suis
987 853 1142 918 terminus
1165 858 1363 937 expectatum
1398 874 1461 937 quo
1484 857 1642 939 completo
1664 857 1733 921 sine

387 957 538 1025 dilatione
571 960 711 1043 qualibet
743 962 921 1044 procedatis
950 963 982 1026 in
1011 963 1164 1027 electione
1196 963 1343 1045 pastoris,
1377 964 1477 1046 adjuti
1508 984 1529 1029 a
1555 944 1732 1030 reverendo

386 1070 477 1149 patre
510 1068 750 1134 Monasteriensi
789 1072 947 1153 episcopo
986 1072 1036 1134 cui
1072 1090 1169 1153 super
1207 1068 1280 1157 [hac
1313 1070 1362 1154 re]
1400 1091 1511 1154 preces
1549 1076 1580 1137 et
1613 1073 1732 1137 litteras

387 1175 538 1240 duximus
579 1177 769 1259 dirigendas.
812 1178 980 1243 Monemus
1018 1179 1109 1260 igitur
1145 1198 1201 1243 vos
1234 1182 1356 1243 attente
1394 1184 1425 1244 el
1460 1180 1666 1245 exhortamur
1699 1183 1731 1244 in

386 1282 536 1363 Domino,
565 1288 722 1367 quatenus
748 1286 924 1368 praesentis
946 1287 1099 1369 temporis
1125 1285 1276 1351 malitiam
1298 1288 1500 1352 attendentes
1522 1288 1618 1353 talem
1641 1287 1731 1353 vobis

388 1392 508 1472 eligatis
531 1410 712 1474 personam,
746 1393 799 1475 qui
826 1411 891 1456 non
921 1394 961 1457 sit
983 1395 1014 1458 in
1037 1394 1229 1459 exteriorum
1252 1396 1450 1478 providentia
1471 1397 1565 1461 nimis
1586 1397 1731 1479 simplex,

387 1518 461 1566 cum
484 1500 569 1566 dicat
589 1501 704 1566 beatus
725 1500 904 1582 Gregorius,
937 1501 1023 1583 quod
1052 1500 1131 1565 tales
1153 1502 1356 1584 praeficiendi
1378 1507 1452 1568 sunt
1473 1506 1505 1568 in
1528 1505 1732 1570 ecclesiarum

388 1609 542 1692 regimine
565 1611 613 1674 his
636 1610 758 1689 diebus,
791 1612 843 1694 qui
866 1630 931 1676 non
953 1610 1057 1675 solum
1080 1611 1120 1675 de
1142 1629 1218 1676 cura
1240 1612 1377 1692 cogitent
1403 1615 1594 1693 animarum,
1622 1633 1733 1678 verum

389 1720 483 1784 etiam
506 1719 539 1784 in
561 1720 833 1786 administratione
862 1719 1087 1802 temporalium
1116 1720 1179 1784 sint
1206 1720 1329 1802 providi
1358 1725 1389 1785 et
1417 1722 1602 1804 prudentes,
1633 1722 1733 1787 sciant

391 1846 518 1911 quoque
548 1847 569 1892 a
596 1828 865 1911 contemplatione
893 1828 1013 1893 Mariae
1041 1829 1085 1893 ad
1115 1827 1259 1892 Marthae
1291 1828 1532 1895 sollicitudinem
1561 1850 1596 1895 se
1629 1812 1734 1895 trans-

391 1938 478 2004 ferre.
511 1938 580 2005 Hoc
602 1942 711 2004 autem
734 1940 821 2022 quod
842 1939 947 2021 petitis
968 1939 1059 2003 vobis
1082 1940 1213 2004 concedi
1235 1938 1379 2020 sigillum,
1402 1941 1507 2004 sciatis
1529 1958 1600 2004 essc
1622 1943 1734 2004 contra

393 2045 509 2111 ordinis
531 2047 689 2124 institula;
722 2067 781 2112 nec
810 2047 963 2112 vellemus
993 2048 1190 2131 temporibus
1213 2048 1328 2113 nostris
1349 2066 1450 2113 novas
1471 2047 1504 2113 in
1526 2048 1636 2114 ordine
1658 2068 1735 2113 con·

391 2156 574 2221 suetudines
605 2157 770 2236 introduci,
799 2176 882 2241 quae
913 2159 1123 2240 imposterum
1149 2157 1299 2222 ecclesiae
1329 2159 1452 2222 vestrae
1483 2160 1515 2221 et
1543 2156 1611 2222 aliis
1642 2175 1735 2239 prae·
1823 2194 1827 2202 -

389 2263 541 2344 jndicium
563 2268 728 2347 generant.

496 2440 517 2504 ¹)
538 2437 581 2506 fiet
603 2438 669 2492 1217
690 2436 737 2505 out
757 2436 805 2492 tm
824 2438 849 2490 2.
869 2436 959 2506 tltfird·

395 2799 443 2865 85.
466 2837 505 2846 -
531 2799 614 2870 1217
636 2809 692 2872 tor
714 2798 810 2885 blata
832 2799 896 2885 3.¹)

557 2932 617 2999 tut
634 2933 798 3009 &crocitat
810 2951 870 2999 oon
889 2931 1068 3016 ffirtmoutrt
1090 2929 1197 3013 crludt
1213 2930 1268 2997 ocu
1284 2929 1399 3013 ffiilfflssl
1415 2931 1490 2998 atto
1508 2950 1568 2998 nou
1584 2929 1733 3011 litttultct,

558 3040 603 3107 bct
624 3040 674 3107 ber
696 3041 843 3124 dramati
867 3041 947 3107 ciret
970 3038 1113 3122 lltoplct
1136 3039 1167 3103 in
1191 3037 1330 3121 blurbolg
1361 3056 1487 3123 gugcgeu
1518 3056 1552 3120 gu
1584 3036 1643 3119 leia
1674 3038 1735 3105 aab

558 3149 668 3232 torcat
690 3149 896 3234 tingumirlcu,
926 3147 983 3227 bob
1006 3146 1152 3232 {tricuridr
1184 3153 1272 3213 nutet
1294 3146 1392 3214 leiren
1414 3145 1594 3226 Umtdnten
1616 3147 1735 3214 uictu:
1792 3155 1794 3158 ’

558 3257 685 3341 gcmfitlt
706 3259 811 3325 uerte.

658 3389 742 3447 amc
762 3390 801 3446 hcl
820 3391 911 3462 pugo,
929 3393 1025 3446 Sacrae
1045 3389 1219 3457 antiquitatis
1238 3394 1410 3443 monumenta
1428 3390 1450 3456 1,
1470 3389 1507 3446 Ξ.
1527 3391 1571 3454 94,
1589 3389 1639 3445 ar.
1660 3390 1718 3443 105.

513 3509 633 3575 Othoni
642 3512 666 3593 ¹)
688 3510 929 3577 Monasteriensi
951 3512 1101 3594 episcopo
1123 3511 1301 3575 Gervasius.
1344 3508 1396 3572 Ad
1423 3510 1566 3574 notitiam
1594 3510 1736 3592 paterni-

395 3619 462 3683 tatis
484 3621 612 3682 vestrae
635 3621 710 3684 satis
732 3621 892 3685 credimus
913 3621 1106 3702 pervenisse,
1132 3637 1229 3702 quam
1251 3617 1419 3682 indiscrete
1442 3617 1538 3682 frater
1559 3617 1736 3683 Fridericus

396 3726 513 3792 dudum
547 3730 748 3810 praepositus
783 3728 992 3794 Claholtensis
1029 3729 1121 3794 nobis
1158 3725 1232 3792 olim
1271 3724 1362 3789 valde
1402 3725 1532 3789 dilectus
1567 3729 1599 3790 et
1630 3727 1736 3791 adhuc

395 3837 513 3901 utinam
545 3837 723 3918 diligendus
752 3838 795 3902 ad
826 3837 1028 3921 Corbejensis
1060 3836 1244 3902 monasterii
1278 3834 1420 3915 regimen
1451 3835 1611 3917 aspiravit,
1646 3837 1736 3919 cujus

395 3947 558 4010 occasione
597 3945 667 4011 facti
705 3949 771 4009 tam
811 3946 915 4027 ipsum
949 3945 1143 4027 Corbejense
1176 3943 1405 4007 monasterium
1440 3962 1537 4025 quam
1570 3943 1736 4008 ecclesiam

395 4051 631 4118 claholtensem
654 4053 768 4118 debitis
791 4054 881 4136 quasi
904 4052 1123 4118 insolubilibus
1146 4051 1289 4116 oneravit
1304 4055 1335 4116 et
1350 4053 1417 4114 tam
1435 4051 1618 4116 mirabiliter
1638 4072 1736 4135 quam

394 4160 612 4226 miserabiliter
651 4162 880 4245 depauperavit
920 4164 1100 4244 utramque.
1144 4160 1225 4225 Cum
1266 4163 1398 4243 propter
1434 4166 1735 4245 praesumptuosam

392 4271 604 4335 temeritatem
635 4288 727 4334 suam
757 4275 788 4334 et
808 4268 933 4336 multos
962 4287 1121 4347 excessuS,
1154 4287 1174 4331 a
1204 4267 1319 4350 quibus
1351 4268 1503 4332 desistere
1531 4269 1632 4334 noluit
1665 4271 1737 4335 licet
1837 4252 1842 4263 ⁸

393 4378 575 4443 admonitus
604 4377 778 4460 diligenter,
809 4377 1012 4460 depositionis
1038 4378 1227 4441 sententiam
1252 4377 1426 4458 susceperit
1447 4380 1558 4442 contra
1579 4379 1682 4460 ipsum
1704 4380 1736 4444 in

393 4489 502 4550 nostro
533 4486 674 4566 generali
705 4485 840 4568 capitulo
869 4485 1053 4550 solemniter
1083 4484 1327 4566 promulgatam,
1360 4489 1391 4548 et
1417 4484 1568 4549 iratribus
1591 4486 1735 4569 ejusdem
1802 4487 1805 4494 '

392 4592 449 4659 loci
473 4598 616 4677 potestas
638 4594 713 4658 data
735 4595 828 4658 fuerit
849 4592 993 4675 eligendi,
1016 4593 1218 4657 venerandus
1238 4595 1329 4674 pater
1352 4596 1382 4656 el
1406 4592 1553 4656 dominus
1570 4592 1736 4676 Adolphus

393 4701 651 4783 Osnaburgensis
674 4701 841 4783 episcopus
864 4704 896 4765 et
917 4701 1022 4765 dilecti
1043 4701 1156 4764 fratres
1178 4701 1275 4764 nostri
1301 4701 1341 4764 de
1363 4699 1476 4765 Scaida
1498 4705 1530 4766 el
1552 4702 1593 4767 de
1614 4703 1736 4768 Arnes-

391 4809 470 4891 berg
490 4809 662 4892 praepositi
686 4810 800 4892 quibus
823 4813 1085 4875 commiseramus
1107 4810 1191 4874 vices
1213 4813 1338 4873 nostras
1366 4809 1398 4872 in
1421 4808 1573 4875 electione
1595 4812 1736 4893 regenda

391 4921 645 5002 prorogaverunt
675 4918 835 4983 electionis
866 4921 949 4984 diem
981 4938 1084 5001 usque
1112 4919 1154 4983 ad
1184 4917 1294 4981 leriam
1323 4922 1446 4982 sextam
1455 4919 1482 5003 ²)
1505 4923 1581 4984 ante
1603 4921 1736 4986 Laetare

391 5025 585 5102 Jerusalem3
622 5025 679 5090 sed
717 5046 781 5108 qua
815 5029 989 5093 intentione
1023 5028 1084 5093 hoc
1117 5028 1256 5103 fecerint,
1290 5028 1482 5108 ignoramus.
1527 5028 1611 5093 Licet
1644 5029 1737 5111 igitur

392 5133 572 5213 credamus,
610 5134 697 5217 quod
735 5136 841 5202 dilatio
878 5139 939 5201 ista
977 5135 1128 5200 ccclesiae
1161 5133 1354 5199 Clahollcnsi
1393 5154 1463 5199 esse
1495 5137 1612 5201 debeat
1643 5138 1736 5203 valde

501 5319 523 5386 ¹)
542 5316 635 5388 itcrat.
655 5317 704 5374 tu.
725 5319 759 5374 73
777 5317 832 5373 unt
852 5318 891 5373 blc
910 5317 993 5374 turm
1011 5329 1073 5386 gum
1092 5315 1183 5386 terte.
