4250 6109
1009 672 1076 728 1225
1659 658 1717 724 147

369 835 510 901 humane
532 836 727 902 mortalitate
748 837 916 919 ingruente
937 838 1069 902 virtutes
1092 857 1260 920 corporum
1284 842 1316 903 et
1337 857 1445 902 rerum
1463 840 1553 921 quasi
1572 858 1718 903 momen-

369 946 462 1008 tanee
484 943 679 1022 dilabuntur,
709 945 837 1028 expedit
867 964 905 1010 ea
937 964 1001 1028 que
1032 946 1065 1010 in
1096 949 1276 1012 contractus
1306 946 1488 1010 firmitatem
1520 948 1718 1028 requirentes

369 1051 571 1117 deducuntur
592 1054 710 1134 scriptu
733 1052 819 1134 quod
842 1053 1024 1118 mortalium
1046 1056 1244 1119 transcendit
1269 1055 1442 1119 memorias
1465 1055 1526 1119 liae
1548 1054 1718 1119 stabilitate

369 1160 476 1239 fulciri,
509 1181 550 1225 ne
579 1160 741 1226 memoriis
771 1160 938 1225 hominurn
966 1162 1149 1228 labentibus
1178 1164 1406 1229 rationabiliter
1434 1168 1505 1228 acta
1536 1163 1664 1227 valeant
1685 1163 1718 1225 in

369 1268 610 1350 ambiguitatem
644 1270 741 1351 redigi
774 1270 882 1353 sicque
911 1271 1058 1354 injuriam
1092 1278 1124 1337 et
1153 1273 1307 1337 lesionem
1338 1271 1594 1335 contrahentium
1625 1270 1719 1335 initos

369 1376 425 1440 rite
453 1381 635 1443 contractus
657 1397 675 1442 a
697 1375 939 1466 reprob[or]um
961 1379 1149 1463 calumpniis
1174 1381 1337 1462 contingat
1359 1379 1503 1444 anullari.
1548 1377 1653 1456 Quam
1677 1378 1718 1442 eb

369 1503 435 1549 rem
467 1488 583 1550 notum
615 1505 686 1550 esse
718 1485 865 1550 volumus
898 1488 966 1550 tam
999 1489 1202 1570 presentibus
1237 1506 1334 1571 quam
1367 1487 1478 1552 tuturis
1509 1490 1541 1551 et
1570 1487 1720 1551 omnibus

369 1598 550 1675 presentem
589 1595 741 1676 paginam
783 1595 980 1677 inspecturis,
1023 1597 1111 1679 quod
1152 1617 1226 1662 cum
1267 1599 1429 1662 contracta
1466 1595 1572 1661 debita
1609 1614 1629 1660 a
1668 1595 1720 1677 pie

369 1701 523 1767 memorie
544 1703 771 1785 predecessore
803 1706 914 1769 nostro
941 1705 1013 1787 jure
1043 1709 1178 1786 cogente
1208 1705 1332 1770 solvere
1363 1710 1392 1769 et
1425 1705 1563 1787 quedam
1595 1704 1656 1768 alia
1678 1704 1720 1767 ad

369 1809 566 1874 inevitabiles
582 1828 739 1892 expensas
763 1809 895 1874 ecclesie
917 1817 1025 1876 nostre
1047 1813 1237 1877 contrahere
1257 1813 1520 1895 conpelleremur,
1542 1812 1721 1875 communi·

369 1921 439 1983 cato
463 1918 674 1982 discretorum
696 1916 837 1996 consitio,
868 1919 945 2001 quid
970 1922 1002 1985 in
1023 1920 1085 1986 hoc
1108 1921 1273 2004 expediret
1294 1921 1436 1999 articulo,
1459 1920 1666 1985 convenimus
1688 1920 1720 1983 in

370 2048 421 2107 eo,
441 2046 516 2092 cum
535 2027 689 2110 judicium
712 2031 857 2092 nostrum
879 2027 968 2092 civile
984 2029 1116 2093 civitatis
1134 2028 1391 2109 Osnaburgensis
1414 2028 1505 2109 quasi
1527 2028 1596 2091 sine
1619 2028 1722 2092 fructu

370 2135 476 2200 minus
510 2136 603 2200 uobis
636 2138 721 2200 esset
753 2136 962 2218 questiosum,
995 2135 1022 2199 si
1051 2138 1084 2200 in
1117 2137 1356 2201 universitatem
1389 2137 1504 2199 civium
1538 2137 1720 2200 nostrorum

371 2243 668 2325 Osnaburgensium
690 2245 895 2309 medietatem
918 2245 991 2310 dicti
1009 2243 1118 2327 judicii
1141 2245 1231 2309 titulo
1253 2245 1442 2309 venditionis
1463 2244 1720 2324 transferremus,

370 2352 526 2418 industria
543 2353 685 2435 ipsorum
701 2356 893 2436 procurante
916 2351 1017 2418 multo
1039 2353 1141 2435 magis
1164 2353 1329 2432 medietas,
1353 2372 1449 2434 quam
1466 2353 1553 2435 prius
1570 2353 1719 2433 totalitas,

371 2460 463 2525 uobis
486 2461 518 2523 et
535 2459 664 2524 ecclesie
686 2464 795 2525 nostre
817 2464 902 2527 esset
923 2460 1100 2544 profutura,
1123 2462 1221 2526 etsie
1243 2461 1385 2525 unanimi
1408 2480 1567 2525 consensu
1590 2461 1721 2526 ecclesie

372 2573 481 2633 nostre
511 2571 579 2632 tarn
609 2569 795 2635 clericorum
826 2588 924 2652 quam
954 2570 1107 2634 laicorum
1136 2569 1343 2634 medietatem
1368 2570 1475 2653 judicii
1506 2570 1606 2633 nostri
1634 2570 1722 2652 quod

375 2673 534 2741 larriclvle
567 2675 738 2758 vulgariter
768 2677 882 2741 dicitur
914 2677 946 2740 in
981 2676 1219 2742 universitatem
1252 2679 1366 2744 civium
1400 2681 1583 2743 nostrorum
1617 2678 1721 2742 Osna-

373 2784 581 2869 burgensium
611 2785 699 2849 tilulo
732 2785 921 2850 venditionis
954 2785 1060 2879 precio
1074 2770 1076 2775 ¹
1090 2784 1141 2850 CL
1163 2805 1344 2851 marcarum
1371 2790 1499 2869 recepto
1528 2787 1628 2852 libera
1649 2807 1722 2869 per-

373 2899 470 2978 petua
502 2896 534 2958 et
563 2893 742 2958 inmutabili
772 2895 935 2960 voluntate
965 2895 1194 2961 transtulimus.
1238 2895 1307 2960 Hac
1328 2897 1437 2960 tamen
1459 2895 1563 2960 forma
1584 2896 1721 2978 adjecta,

373 3003 461 3085 quod
488 3002 589 3085 judex
620 3020 640 3066 a
668 3003 760 3067 nobis
790 3006 822 3067 et
850 3003 1088 3068 successoribus
1115 3006 1232 3069 uostris
1263 3023 1335 3068 curn
1358 3006 1500 3087 ipsorum
1523 3004 1722 3070 ordinatione

374 3113 406 3175 et
425 3129 563 3175 assensu
579 3109 791 3175 ministerialis
807 3113 922 3176 civitati
939 3112 1188 3194 Osnaburgensi,
1210 3131 1284 3176 cum
1306 3130 1387 3194 epus
1410 3112 1511 3191 luerit,
1532 3111 1722 3194 preficietur,

374 3220 431 3284 sed
452 3221 480 3284 si
501 3223 534 3284 in
556 3221 754 3285 ordinatione
782 3220 966 3303 preficiendi
992 3221 1107 3304 Judicis
1135 3219 1194 3304 ipsi
1216 3221 1466 3286 discordaverint
1498 3220 1643 3300 anobis,
1672 3218 1724 3284 vel

374 3328 583 3394 dissenserint
624 3330 796 3393 auctoritas
834 3329 1017 3412 preficiendi
1053 3329 1167 3413 judicis
1205 3348 1305 3412 penes
1342 3349 1401 3393 nos
1440 3329 1490 3392 vel
1523 3347 1723 3394 successores

375 3443 502 3506 nostros
523 3438 711 3504 remanebit.
756 3437 838 3503 Cum
861 3442 970 3504 autern
994 3439 1095 3522 judex
1117 3437 1211 3503 fuerit
1233 3438 1403 3515 institutus,
1433 3437 1459 3501 si
1481 3440 1627 3520 tempore
1647 3457 1724 3520 pro·

376 3549 510 3614 cedente
541 3547 646 3610 minus
678 3545 761 3610 utilis
793 3547 842 3610 vel
874 3547 1027 3630 providus
1061 3547 1154 3613 nobis
1188 3549 1220 3611 et
1252 3546 1328 3629 ipsis
1358 3545 1452 3611 fuerit
1482 3550 1637 3628 repertus,
1674 3545 1724 3610 ille

376 3658 499 3739 absque
532 3655 681 3721 ditatione
703 3655 939 3720 ammovebitur
960 3659 992 3720 et
1013 3655 1094 3720 alter
1115 3656 1293 3719 secundum
1314 3655 1450 3718 termam
1472 3654 1723 3736 suprascriptam

377 3767 566 3831 instituetur.
609 3763 763 3828 Medietas
794 3765 894 3828 tocius
925 3769 1058 3847 questus
1086 3784 1125 3829 ex
1151 3763 1276 3846 prelato
1295 3763 1413 3846 J'udicio
1435 3762 1609 3826 obveniens
1632 3761 1724 3826 nobis

377 3873 530 3938 etaltera
551 3872 705 3936 medietas
727 3872 802 3954 ipsis
823 3872 930 3949 cedet;
956 3875 1021 3936 tres
1043 3872 1133 3937 solidi
1156 3890 1229 3937 cum
1252 3871 1368 3954 quibus
1387 3871 1546 3935 civitatem
1568 3871 1724 3935 intrantes

378 3981 459 4045 cives
488 3980 667 4046 efficiuntur
696 3979 788 4044 nobis
818 3983 850 4045 et
878 3980 953 4062 ipsis
983 3981 1187 4045 incommune
1214 3980 1344 4055 cedent,
1377 3978 1429 4042 filii
1457 3977 1610 4059 ipsorum,
1643 3978 1724 4042 sicut

377 4095 472 4156 antea
503 4092 749 4165 consueverunt,
778 4088 891 4169 singuli
919 4108 993 4153 cum
1022 4088 1153 4172 singulis
1183 4087 1320 4153 denariis
1342 4088 1426 4151 cives
1448 4085 1633 4151 efficientur.
1675 4085 1723 4152 De

378 4198 525 4265 conviciis
547 4217 623 4262 vere
637 4196 688 4261 vel
703 4196 832 4280 injuriis,
855 4198 936 4262 sicut
956 4198 998 4262 ab
1020 4199 1153 4280 antiquo
1175 4198 1364 4261 consuetum
1381 4199 1439 4274 est,
1462 4197 1495 4259 in
1510 4214 1567 4259 sex
1586 4195 1723 4260 denariis

377 4307 563 4394 injuriantes
585 4307 796 4382 tenebuntur;
828 4306 886 4370 sed
915 4326 998 4371 unus
1028 4310 1153 4371 tanturn
1176 4306 1217 4371 de
1238 4325 1296 4369 sex
1315 4305 1412 4388 judici
1434 4303 1670 4388 presentabitur
1690 4305 1723 4367 et

377 4435 432 4498 pro
460 4417 600 4481 emenda
630 4414 820 4480 exsolvetur.
862 4413 927 4478 Sed
956 4418 992 4478 ut
1019 4413 1247 4478 memoriarum
1273 4414 1472 4495 fragilitatem
1500 4416 1532 4477 et
1556 4412 1722 4478 hominum

377 4524 602 4606 preveniamus
629 4524 786 4588 maliciam
814 4523 868 4605 qui
890 4540 1135 4603 nonnumquam
1157 4521 1240 4586 bene
1262 4525 1352 4604 gesta
1373 4523 1516 4586 nituntur
1534 4520 1722 4600 convellere,

377 4634 492 4716 placuit
521 4635 721 4696 contractum
747 4633 999 4714 suprascriptum
1020 4633 1161 4713 presenti
1183 4631 1298 4714 pagine
1329 4650 1392 4713 que
1422 4631 1466 4694 rei
1497 4634 1585 4712 geste
1607 4630 1722 4693 seriem

376 4742 550 4810 invariabili
584 4740 716 4805 veritate
749 4740 889 4805 declaret
920 4742 1077 4805 annotare
1109 4742 1142 4804 et
1174 4739 1263 4821 sigilli
1297 4739 1398 4804 nostri
1432 4739 1613 4803 testimonio
1646 4757 1722 4803 con·

376 4853 512 4919 firmare.
536 4850 619 4915 Acta
642 4852 717 4914 sunt
738 4848 798 4913 hec
819 4867 905 4913 auno
926 4850 1025 4930 gratie
1047 4848 1284 4915 M⁰ac⁰xx⁰u
1307 4846 1521 4912 interfuerunt
1542 4846 1722 4928 prepositus

376 4960 553 5038 Heinricus,
575 4958 760 5023 Wicbotdus
777 4959 927 5037 decanus,
951 4957 1074 5022 Olricus
1094 4958 1287 5036 scolasticus,
1310 4953 1499 5020 Godeiridus
1518 4955 1722 5035 tesaurarius,

375 5071 524 5137 lithulfus
547 5069 589 5133 de
611 5068 785 5146 blankena,
815 5066 976 5131 Arnoldus
998 5070 1118 5144 cantor,
1149 5067 1299 5130 Albertus
1321 5066 1361 5129 de
1384 5064 1476 5139 Alen,
1498 5062 1661 5128 lohannes
1682 5063 1723 5129 de

376 5180 501 5258 Liucbe,
509 5180 533 5263 ¹)
568 5177 757 5255 Florentius,
792 5175 997 5240 Hermannus
1023 5175 1064 5239 de
1088 5174 1196 5257 Vegte,
1228 5174 1379 5256 magister
1403 5172 1551 5334 Jacoffiis’
1582 5171 1724 5254 Sybode,
