4250 6109
980 672 1047 731 1219
1644 651 1681 715 81

336 846 427 930 cujus
449 845 481 909 in
507 844 568 909 boc
589 861 765 908 consensus
787 841 919 906 accessit
936 844 967 904 et
984 839 1120 920 Hugone
1136 837 1267 901 firmiter
1290 855 1348 918 pro
1370 854 1405 898 se
1425 833 1683 917 promittentibus

336 957 369 1019 in
391 973 509 1020 manus
530 956 665 1030 nostras,
689 951 776 1034 quod
799 951 944 1014 universa
959 948 1018 1012 hec
1032 946 1164 1011 firmiter
1180 947 1212 1008 et
1227 942 1446 1008 inviolabiliter
1467 942 1683 1007 observarent.

336 1065 452 1130 Testes
483 1065 579 1148 hujus
610 1061 816 1128 ordinationis
849 1063 936 1124 sunt:
971 1057 1177 1123 Wilbrandus
1210 1055 1313 1136 major
1345 1052 1525 1136 prepositus
1559 1049 1684 1114 Hildes-

337 1174 511 1252 hemensis,
534 1172 739 1237 Hermannus
755 1169 925 1234 Verdensis
947 1167 1140 1244 scolasticus,
1163 1163 1335 1239 lohannes,
1359 1161 1483 1225 Marcus
1506 1159 1684 1241 prepositus

337 1282 572 1358 Banmcensis,
594 1279 782 1345 Wilbelmus
805 1277 974 1341 canonicus
993 1271 1276 1348 Hildeshemensis,
1299 1269 1449 1350 magister
1470 1266 1683 1332 Godescalcus

338 1388 531 1465 Bremensis,
554 1387 709 1452 Henricus
731 1385 880 1450 sacerdos
901 1383 941 1447 de
957 1382 1137 1457 Sutherem,
1159 1379 1315 1444 Henricus
1330 1376 1479 1442 sacerdos
1498 1376 1681 1458 capellanus

338 1498 479 1582 episcopi
509 1495 691 1572 Verdensis,
724 1493 900 1558 Rodericus
935 1491 974 1555 de
1007 1489 1165 1553 Hamelen
1198 1490 1229 1551 et
1261 1486 1312 1551 alii
1345 1485 1451 1566 plnres
1484 1487 1549 1547 tam
1582 1482 1683 1547 clerici

339 1627 438 1691 quarn
461 1606 540 1671 laici.
570 1606 652 1670 Acta
672 1622 758 1668 anno
780 1601 943 1666 Dominice
965 1598 1192 1664 incarnationis
1215 1591 1491 1666 M⁰CC⁰.XVllll⁰;
1514 1591 1682 1655 indictione

338 1716 423 1792 Vile,
445 1715 505 1779 ΠΙο
526 1714 595 1779 Kal.
616 1711 787 1778 Februarii.
832 1710 869 1774 Et
891 1713 926 1773 ut
947 1708 1007 1772 hec
1029 1707 1186 1772 ordinatio
1207 1722 1316 1769 coram
1343 1701 1435 1767 nobis
1458 1700 1540 1764 facta
1561 1704 1630 1763 rata
1653 1703 1684 1763 et

338 1826 427 1889 omni
457 1827 602 1905 tempore
623 1820 802 1886 indubitata
827 1820 1027 1902 permaneat,
1053 1815 1226 1897 sigillorum
1254 1815 1436 1876 nostrorum
1459 1828 1531 1873 eam
1553 1809 1684 1872 lecimus

339 1931 539 2015 appensione
561 1929 686 1994 muniri.

338 2207 400 2274 110.
425 2245 463 2256 -
488 2205 609 2290 biara.
633 2204 726 2285 1219.
747 2202 824 2282 aaa
846 2204 897 2274 25.

509 2336 626 2420 diliebat
647 2336 738 2417 thotl
767 2336 851 2418 taeta
880 2335 930 2401 bet
951 2332 1087 2417 {thurgot
1110 2331 1210 2413 attae
1240 2329 1285 2396 bie
1307 2329 1438 2412 gebeton
1469 2329 1520 2395 tea
1550 2326 1681 2410 pmiidicn

510 2448 575 2514 bera
602 2445 715 2525 titoltev
742 2443 987 2528 pebntpttirbtipcn
1015 2441 1135 2508 ttedctn
1166 2439 1315 2524 [tepenter
1344 2437 1589 2518 „titudtonbca”
1622 2437 1682 2502 unb

512 2553 563 2619 bet
584 2551 767 2620 lltotttotten
797 2551 843 2618 bei
870 2550 925 2616 ben
950 2549 1014 2615 tem
1037 2547 1150 2627 atone
1177 2546 1421 2632 peintpttidptipcn
1444 2545 1563 2613 ttcdetn
1585 2547 1683 2612 intret:

512 2660 579 2744 both
603 2660 699 2741 tanea
720 2659 884 2742 bictbuma
907 2675 951 2741 aa.

606 2793 748 2864 Drigtnci:
768 2792 970 2863 &tootssardrtb
1008 2790 1104 2847 ibrum
1124 2790 1216 2861 litator
1235 2791 1284 2846 vn.
1304 2791 1356 2845 277
1375 2789 1437 2858 neci
1457 2788 1514 2843 tem
1533 2786 1655 2854 copiare.

466 2904 601 2969 Adolfus
643 2903 748 2969 divina
788 2897 982 2970 concedente
1019 2905 1187 2969 clementia
1224 2903 1479 2985 osnabrugensis
1516 2901 1682 2982 episcopus

337 3013 496 3078 universis
518 3016 627 3077 sancte
649 3014 760 3077 matris
783 3013 913 3078 ecclesie
936 3014 1005 3078 filiis
1027 3018 1099 3096 post
1120 3013 1216 3097 hujus
1237 3015 1299 3078 vite
1319 3011 1519 3095 dispendium
1536 3010 1682 3074 bravium

338 3121 494 3186 felicitatis
518 3124 636 3186 eterne.
680 3120 839 3198 Quoniam
871 3140 909 3185 ea
940 3140 1003 3204 que
1032 3122 1063 3184 in
1094 3122 1188 3204 hujus
1218 3122 1409 3204 tempestate
1431 3117 1527 3183 seculi
1549 3117 1683 3182 honeste

336 3229 471 3311 quidem
501 3230 533 3291 et
563 3227 679 3292 utiliter
707 3227 740 3292 in
769 3229 896 3295 laudern
927 3229 984 3294 Dei
1014 3232 1122 3295 sanius
1148 3235 1287 3312 aguntur
1315 3229 1504 3312 plerumque
1526 3227 1683 3292 morsibus

336 3337 521 3418 iniquorum
551 3337 791 3417 ademptantur,
821 3339 865 3402 rei
895 3357 992 3420 quam
1023 3339 1155 3420 provide
1182 3339 1405 3422 disposuimus,
1438 3340 1473 3400 ut
1500 3335 1684 3400 inconvulsa

337 3447 538 3526 permaneat,
569 3448 679 3508 contra
707 3443 783 3508 boni
812 3445 1026 3510 destructores
1053 3447 1176 3511 obicem
1205 3465 1283 3511 sane
1306 3446 1520 3528 preponimus.
1564 3444 1683 3507 Notum

336 3552 432 3633 igitur
456 3551 589 3614 facimus
612 3551 760 3616 omnibus
783 3551 899 3616 Christi
921 3552 1077 3630 fidelibus,
1104 3554 1190 3636 quod
1213 3554 1405 3634 ubicumque
1427 3553 1509 3615 intra
1530 3551 1683 3614 terminos

338 3660 439 3725 nostri
462 3659 642 3742 presulatus
665 3659 795 3723 decimis
817 3659 962 3724 villarum
986 3661 1051 3724 sive
1074 3661 1244 3726 domorum
1266 3664 1321 3724 aut
1343 3660 1438 3723 etiarn
1461 3658 1577 3741 prediis
1593 3659 1683 3722 aliter

338 3768 549 3850 pensionariis
566 3767 607 3831 ad
624 3767 789 3832 ecclesiam
807 3768 838 3831 in
855 3768 963 3850 Yborg
979 3770 1209 3851 pertinentibus
1224 3770 1289 3851 agri
1309 3769 1470 3833 novalium
1490 3767 1683 3848 interiacent,

339 3874 393 3958 qrri
406 3873 575 3938 bmltclont
586 3875 730 3939 dicuntur
748 3875 813 3939 sive
830 3875 903 3940 culti
921 3875 987 3940 sive
1002 3877 1108 3941 adbuc
1123 3876 1239 3956 inculti,
1262 3896 1321 3941 nos
1337 3875 1512 3940 eorundem
1533 3874 1683 3951 decimas,

338 3983 419 4046 sicut
441 3982 484 4047 ab
506 3982 760 4047 antecessoribus
788 3984 903 4048 nostris
925 4003 1052 4067 semper
1075 3985 1265 4063 obtinuerat,
1296 3984 1399 4047 eidem
1427 3981 1556 4046 ecclesie
1577 3981 1683 4045 indul·

337 4091 438 4155 simus
461 4090 606 4156 attinere.
630 4090 854 4156 Concessimus
877 4090 973 4155 etiam
991 4094 1035 4169 ut,
1059 4093 1084 4155 si
1099 4093 1190 4176 Juxta
1207 4091 1351 4175 ejusdem
1366 4090 1497 4154 ecclesie
1512 4087 1682 4153 decimales

337 4217 434 4280 agros
469 4217 541 4262 case
572 4199 676 4282 alique
706 4203 931 4264 construantur
960 4200 992 4263 in
1023 4202 1185 4265 communi
1219 4199 1346 4263 usuario
1378 4198 1466 4281 quod
1495 4196 1683 4261 waldcmcnc

337 4307 461 4384 dicitur,
496 4305 600 4388 pullus
635 4308 820 4372 earumdem
855 4311 886 4371 et
919 4309 1070 4390 quicquid
1096 4308 1254 4373 decimare
1281 4307 1400 4371 debent
1425 4307 1492 4388 J'am
1522 4304 1682 4386 sepedicte

337 4416 471 4481 ecclesie
503 4416 712 4498 persolvatur.
756 4416 804 4482 Ne
841 4437 917 4499 ergo
955 4436 1050 4499 super
1088 4417 1149 4482 hoc
1184 4416 1267 4481 tacto
1305 4415 1411 4498 aliqua
1450 4414 1482 4476 in
1518 4415 1682 4494 posterum

337 4525 460 4588 oriatur
484 4523 646 4603 dissensio,
676 4527 732 4589 aut
763 4525 850 4607 quod
872 4544 949 4589 saue
971 4525 1104 4589 fecimus
1127 4525 1296 4608 quisquam
1319 4525 1482 4607 presumat
1503 4520 1682 4601 infringere,

337 4652 397 4697 uos
420 4633 511 4713 geste
533 4632 577 4696 rei
599 4634 741 4698 ordinem
765 4634 882 4716 scripto
904 4634 1199 4699 commendavimus
1222 4637 1254 4698 et
1275 4632 1364 4715 sigilli
1386 4630 1485 4695 nostri
1508 4628 1682 4693 munimine

338 4739 578 4805 confirmamus.
611 4739 724 4805 Testes
746 4746 855 4806 autem
877 4740 972 4825 hujus
994 4747 1083 4807 sunt:
1105 4743 1298 4807 Thetmarus
1321 4739 1506 4816 monachus
1528 4736 1683 4801 Marsilius

338 4846 557 4931 cappellanus,
590 4846 785 4913 Giselbertus
818 4849 968 4929 notarius,
1001 4849 1175 4915 Svetberus
1207 4851 1320 4930 abbas,
1353 4847 1537 4914 Everwinus
1566 4847 1683 4924 custos,

336 4953 462 5038 Symon
483 4953 670 5035 cellerarius,
692 4956 861 5038 Rotgerus,
877 4956 1026 5038 lacobus,
1045 4957 1218 5038 lohannes,
1238 4961 1466 5036 Bertrammus,
1487 4953 1684 5020 Wernherus

337 5060 474 5141 Unrum,
496 5060 693 5142 Thidericus,
715 5063 877 5129 lohannes
900 5066 941 5129 de
962 5065 1033 5145 Ves,
1056 5066 1317 5152 Fretbe(ricus)¹)
1340 5062 1556 5147 Wicbertus²)
1579 5061 1683 5126 etalii

338 5188 438 5252 quam
470 5169 576 5253 plures
607 5191 689 5255 quos
718 5173 782 5237 suis
808 5172 990 5239 nominibus
1020 5176 1198 5257 exprimere
1230 5196 1295 5241 non
1325 5176 1460 5258 oportet.
1504 5171 1620 5236 Datum
1651 5170 1683 5234 in

337 5276 448 5359 Yborg
470 5277 555 5342 Vlll⁰
577 5278 624 5343 Kl.
646 5279 796 5362 Augusti3
827 5280 1009 5363 presidente
1031 5286 1140 5347 sancte
1162 5283 1310 5348 Romane
1333 5283 1463 5348 ecclesie
1484 5279 1682 5355 Innocentio;

435 5402 591 5458 avitiam,
604 5400 659 5450 ora
677 5404 787 5459 amaia
801 5406 830 5451 11.
1472 5379 1493 5442 6
