4250 6109
429 655 469 720 ὦ
1068 667 1135 722 lm

427 854 494 899 non
510 836 635 898 tantum
657 850 764 895 rerum
788 849 899 894 verum
922 831 1018 894 etiarn
1041 850 1252 912 personarum
1268 827 1293 895 ‘a
1313 831 1398 896 laicis
1421 831 1526 896 adhuc
1548 831 1778 896 adherentibus

427 945 558 1026 propter
587 941 727 1005 diversas
757 956 870 1003 causas
901 937 1108 1004 Waldemaro
1139 939 1281 1021 predicto
1310 959 1423 1022 graves
1452 941 1521 1022 jam
1552 940 1674 1004 dudum
1702 959 1778 1022 per·

428 1051 607 1115 secutiones
638 1052 711 1112 sunt
743 1051 774 1112 et
802 1047 1019 1129 inpedimenta
1047 1048 1190 1129 perpassi
1218 1051 1250 1110 et
1271 1047 1377 1112 adhuc
1399 1047 1495 1112 etiarn
1517 1049 1690 1130 patiuntur.
1736 1050 1775 1111 At

428 1159 580 1241 quoniam
610 1174 701 1221 mora
728 1155 868 1237 preteriti
899 1155 1051 1236 temporis
1083 1154 1213 1219 ecclesie
1245 1154 1372 1219 viduata
1398 1155 1441 1219 ad
1463 1156 1612 1221 nichilum
1635 1155 1702 1221 tere
1725 1177 1776 1221 re·

429 1265 519 1330 dacte
542 1265 599 1329 tuit
621 1282 720 1347 quarn
742 1262 914 1345 plurimum
936 1262 1102 1345 hucusque
1125 1263 1304 1346 dampnosa
1327 1266 1359 1327 et
1380 1264 1476 1328 futuri
1496 1267 1683 1346 protactio¹t
1701 1286 1777 1349 por-

427 1374 547 1438 niciosa
566 1376 693 1456 poterat
722 1371 822 1453 magis
852 1390 923 1436 esse
951 1371 1034 1435 idem
1046 1372 1071 1454 ¹)
1101 1372 1133 1435 in
1160 1390 1276 1436 manus
1304 1372 1470 1437 hominum
1501 1373 1640 1439 incidere
1666 1377 1775 1457 potius

428 1480 623 1566 eligentes‚²)
653 1499 750 1563 quarn
772 1499 832 1562 pro
862 1479 959 1545 domo
981 1479 1036 1544 Dei
1068 1499 1194 1544 murum
1226 1497 1291 1544 non
1318 1499 1482 1562 opponere
1512 1500 1547 1545 se
1570 1500 1607 1546 ac
1628 1501 1698 1562 sua,
1729 1487 1775 1549 rei

428 1607 526 1672 quam
556 1590 740 1670 inceperant
769 1588 911 1652 insistere
940 1587 1061 1653 fortiter
1089 1587 1305 1653 necessarium
1335 1589 1536 1655 extimarunt.
1580 1589 1672 1655 Unde
1706 1595 1773 1658 tarn

428 1697 488 1779 ipsi
511 1715 608 1779 quam
631 1695 733 1760 dictus
755 1695 936 1778 prepositus
964 1714 1118 1778 persnas
1140 1695 1260 1759 litteras
1281 1696 1435 1778 speciales
1457 1715 1476 1761 a
1498 1697 1591 1761 nobis
1612 1697 1775 1765 humiliter

428 1804 640 1887 postularunt,
662 1808 697 1867 ut
718 1806 750 1868 te
772 1803 893 1868 eisdem
916 1804 1052 1868 vicinum
1075 1807 1107 1869 et
1129 1824 1186 1887 per
1209 1804 1316 1869 omnia
1339 1805 1499 1887 cognitum
1521 1806 1596 1889 ipsis
1618 1807 1650 1871 in
1668 1808 1774 1873 archi·

428 1912 612 1995 episcopum
643 1910 818 1975 concedere
849 1909 1062 1992 dignaremur,
1095 1932 1152 1995 per
1186 1931 1292 1995 quern,
1323 1931 1395 1977 cum
1424 1911 1467 1977 sis
1497 1913 1544 1978 vir
1570 1916 1712 1981 moribus
1741 1923 1773 1983 et

427 2020 559 2086 scientia
580 2020 722 2103 preditus
752 2037 788 2082 ac
817 2019 940 2100 generis
970 2020 1133 2085 nobilitate
1164 2020 1326 2103 preclarus
1348 2024 1380 2085 et
1402 2020 1566 2086 ecclesiam
1598 2025 1652 2089 tibi
1683 2045 1773 2091 corn-

427 2129 557 2193 missam
588 2127 743 2192 hactenus
765 2127 893 2191 viriliter
921 2127 1106 2208 defensoris,
1137 2129 1260 2212 prelata
1291 2129 1424 2193 ecclesia
1450 2130 1574 2210 poterit·
1592 2131 1624 2194 in
1651 2134 1771 2197 statum

427 2238 594 2321 pristinum
617 2236 781 2301 reformari
812 2238 844 2299 et
873 2237 1031 2319 compesci
1062 2235 1283 2301 nichilominus
1309 2234 1476 2300 insolentia
1498 2235 1659 2305 laicorum.
1705 2240 1772 2305 Nos

426 2346 519 2427 igitur
539 2343 658 2409 consuli
681 2343 824 2407 volentes
847 2343 977 2408 ecclesie
1000 2344 1117 2409 diutius
1139 2343 1282 2408 desolate
1308 2343 1428 2408 dilectis
1457 2344 1527 2408 filiis
1551 2395 1558 2409 .
1582 2398 1589 2412 .
1613 2346 1770 2413 Mindensi

426 2454 552 2538 (electo)
583 2456 644 2517 et.
667 2503 674 2518 .
697 2451 805 2516 abbati
835 2451 1048 2516 Lesbornensi
1078 2451 1336 2516 Monasteriensis
1366 2451 1500 2517 diocesis
1528 2457 1560 2518 et
1582 2503 1590 2517 .
1614 2505 1621 2521 .
1645 2457 1771 2521 custodi

424 2561 665 2627 Monasteriensi
695 2561 809 2624 nostris
837 2559 1013 2645 (dedimus)
1041 2559 1151 2623 litteris
1178 2561 1210 2623 in
1239 2559 1409 2636 mandatis,
1440 2564 1475 2624 ut
1500 2561 1650 2644 inquisita
1673 2583 1770 2646 super

424 2667 1770 2752 bmmmmmmmmmmmmMffimmmmmm

420 2780 566 2862 jungant,
588 2780 624 2841 ut
645 2776 687 2840 ad
709 2776 866 2858 prefatam
887 2775 1051 2839 ecclesiam
1070 2775 1278 2839 Bremensern
1300 2775 1435 2840 accedas
1457 2776 1602 2860 ejusdem
1625 2778 1769 2860 regimen

423 2887 454 2951 in
486 2886 615 2951 nomine
637 2884 763 2948 Domini
790 2885 984 2965 recepturus.
1029 2881 1185 2960 Quocirca
1212 2882 1399 2948 fraternitati
1428 2887 1483 2948 tue
1511 2904 1570 2967 per
1595 2887 1771 2969 apostolica

423 2995 539 3076 scripta
561 2992 763 3070 mandamus
795 2991 945 3074 quatinus
976 3008 1047 3053 curn
1078 3008 1097 3053 a
1126 2989 1256 3071 pretatis
1284 2991 1506 3055 executoribus
1527 2992 1582 3057 tibi
1605 2993 1699 3058 fuerit
1720 2993 1771 3058 in·

420 3104 576 3186 junctum,
599 3100 732 3165 accedas
755 3098 797 3163 ad
819 3097 984 3162 ecclesiam
1008 3100 1221 3161 memoratam
1238 3103 1269 3162 et
1286 3099 1318 3162 in
1336 3097 1451 3163 Christi
1474 3101 1603 3164 nomine
1626 3103 1769 3183 regimen

422 3213 491 3295 ejus
517 3209 670 3292 suscipias
700 3212 732 3273 et
761 3207 896 3271 fideliter
924 3204 1100 3288 exequaris.
1145 3205 1210 3270 Nos
1243 3208 1327 3271 enim
1358 3212 1462 3272 tecum
1493 3213 1625 3292 propter
1656 3231 1770 3276 neces-

422 3321 547 3385 sitatem
581 3316 733 3399 temporis
743 3316 769 3397 ¹)
803 3315 920 3396 hanc¹)
953 3312 1122 3396 specialem
1156 3315 1289 3396 gratiam
1328 3316 1477 3380 duximus
1509 3317 1700 3400 taciendam,
1735 3326 1771 3386 ut

421 3447 522 3511 usque
554 3427 597 3491 ad
626 3424 861 3506 susceptionem
890 3422 984 3504 pallei
1006 3421 1288 3503 Osnaburgensem
1317 3424 1482 3489 ecclesiam
1511 3424 1591 3489 sicut
1619 3430 1770 3511 proprius

421 3539 531 3618 pastor
554 3535 690 3599 retineas
713 3536 745 3596 et
766 3531 936 3613 gubernes,
959 3531 1073 3594 dantes
1096 3530 1285 3611 supradictis
1307 3531 1528 3595 executoribus
1545 3534 1577 3596 in
1598 3536 1769 3615 mandatis,

422 3649 458 3709 ut
479 3645 645 3726 injungant
666 3641 887 3707 nichilominus
910 3639 1003 3716 clero,
1027 3637 1283 3702 ministerialibus
1306 3641 1338 3702 et
1359 3637 1479 3721 populo
1495 3639 1626 3705 ecclesie
1646 3661 1770 3709 merno-

423 3756 500 3830 rate,
533 3750 619 3833 quod
652 3767 755 3831 usque
787 3747 829 3812 ad
859 3747 1096 3828 susceptionem
1129 3744 1224 3827 pallei
1256 3747 1460 3831 tamquam’)
1492 3749 1613 3831 pastori
1638 3753 1770 3835 proprio

423 3858 599 3937 intendant,
630 3861 665 3921 ut
694 3857 858 3934 hactenus,
889 3854 1062 3918 exhibeant
1093 3854 1306 3918 obedientiam
1317 3857 1342 3938 2)
1370 3855 1511 3920 debitam
1541 3861 1573 3921 et
1595 3859 1769 3938 honorem;

423 3965 672 4031 contradictores
699 3981 946 4046 percensuram
971 3961 1215 4026 ecclesiasticam
1238 3963 1451 4046 appellatione
1481 3970 1659 4050 postposita
1681 3991 1770 4036 com-

423 4072 594 4155 pescendo.
617 4072 768 4137 Preterea
789 4070 1024 4136 venerabilibus
1047 4069 1196 4134 fratribus
1219 4072 1335 4135 nostris
1357 4074 1565 4154 suffraganeis
1586 4077 1771 4144 Bremensis

423 4181 553 4245 ecclesie
576 4184 607 4244 et
628 4181 827 4260 Bremensi³)
850 4178 1023 4262 capitulo³)
1051 4197 1088 4241 ac
1111 4178 1367 4243 ministerialibus
1390 4183 1459 4264 ejus
1481 4186 1597 4249 nostris
1620 4188 1769 4253 duximus

421 4289 530 4354 litteris
558 4290 797 4372 injungendum,
827 4290 862 4352 ut
890 4291 1061 4370 postquam
1092 4286 1308 4351 demandato
1338 4292 1447 4354 nostro
1477 4292 1567 4379 tibi¹)
1599 4272 1683 4360 tacto
1712 4317 1770 4380 per

423 4402 608 4462 executores
629 4398 788 4481 predictos
797 4397 823 4482 2)
847 4395 888 4460 ad
911 4396 1106 4479 sepedictam
1130 4397 1296 4460 ecclesiam
1318 4399 1490 4464 accesseris
1512 4402 1767 4483 gubernandam,

421 4509 587 4590 tamquam
597 4506 624 4591 2)
654 4507 774 4590 pastori
804 4525 862 4570 suo
893 4506 947 4569 tibi
976 4505 1193 4570 obedientiam
1205 4505 1232 4590 ¹)
1261 4509 1292 4569 et
1314 4508 1524 4572 reverentiam
1548 4510 1690 4575 debitam
1714 4532 1769 4576 ex·

421 4615 568 4680 hibentes
598 4615 764 4679 intendant
794 4615 849 4679 tibi
881 4613 1040 4677 humiliter
1071 4616 1102 4677 et
1131 4614 1256 4679 devote.
1301 4614 1416 4678 Datum
1449 4617 1596 4681 Laterani
1627 4619 1667 4682 lll
1700 4621 1767 4686 Kal.

421 4723 625 4800 Novembris;
647 4723 849 4806 pontificatus
872 4723 971 4786 nostri
993 4740 1079 4785 anno
1101 4722 1194 4787 tertio
1217 4723 1350 4788 decimo.

529 4890 549 4955 ι)
569 4888 629 4960 ltott
648 4889 805 4956 protractio.
826 4918 858 4926 -
879 4887 900 4952 ⁹)
920 4883 968 4954 out
987 4883 1086 4955 uulua
1107 4916 1138 4924 -
1158 4887 1180 4953 8)
1199 4887 1248 4941 mit
1266 4884 1375 4954 sseithur
1396 4889 1549 4959 uchltrttt.

546 5043 634 5111 tlutte
658 5042 816 5128 (tutricem
839 5044 881 5109 26
904 5044 973 5113 ouer
995 5046 1051 5131 27)
1074 5065 1114 5113 on
1136 5045 1333 5130 brutianus.

547 5152 611 5235 itui
643 5153 693 5220 bet
721 5151 908 5233 bortertcttc
941 5154 973 5220 tn
1005 5153 1056 5221 bct
1085 5153 1178 5222 lititte
1208 5155 1390 5224 becobeno
1419 5159 1618 5249 annaeum
1652 5170 1685 5237 in
1717 5171 1782 5240 bet.

421 5258 516 5326 [inter
538 5260 675 5329 tibcrcde
697 5262 748 5328 bet
771 5260 926 5343 titudleite:
953 5261 1059 5346 Orit);
1084 5263 1117 5329 tu
1138 5263 1189 5330 ber
1212 5263 1305 5331 litttte
1327 5266 1378 5332 bet
1401 5273 1559 5353 ltudtcitc:
1583 5277 1618 5342 B.
