4250 6109
962 702 1027 756 1215
1623 682 1665 747 45

317 862 373 927 Dei
406 865 627 948 ampliandum
662 866 801 949 pervigili
835 884 912 930 cura
944 868 1114 930 teneamur
1146 865 1321 941 intendere,
1354 864 1385 927 in
1421 864 1561 929 cenobiis
1595 866 1667 930 reli·

316 971 478 1052 giosorum
514 975 680 1056 specialius
716 993 828 1038 sumus
865 974 1035 1048 debitores,
1076 973 1130 1037 ubi
1169 974 1200 1037 in
1237 975 1362 1037 tanturn
1400 973 1579 1037 vacandum
1618 978 1667 1038 est

317 1081 590 1163 contemplationi,
620 1086 656 1147 ut
686 1083 728 1147 ibi
751 1083 818 1146 Deo
841 1083 1015 1147 servientes
1045 1101 1117 1146 raro
1141 1083 1331 1147 exteriorum
1356 1083 1521 1147 intendere
1543 1083 1668 1165 possint

316 1190 587 1257 amministationi.
617 1191 710 1255 Unde
732 1196 844 1256 notum
866 1211 937 1256 esse
959 1191 1179 1255 desideramus
1201 1191 1356 1254 universis
1379 1190 1493 1255 Christi
1517 1191 1666 1257 fidelibus

316 1299 383 1360 tam
405 1300 611 1381 presentibus
633 1319 730 1382 quam
752 1301 873 1378 tuturis,
896 1300 981 1383 quod
999 1299 1182 1363 Bernardus
1199 1297 1289 1362 miles
1306 1299 1345 1362 de
1360 1298 1507 1363 Gesmele
1525 1300 1667 1382 signatus

316 1424 409 1471 cruce
436 1408 538 1472 iturus
565 1409 607 1472 ad
629 1408 805 1473 subsidium
835 1412 920 1473 terre
951 1411 1073 1484 sancte,
1101 1425 1174 1470 curn
1204 1405 1246 1471 ad
1275 1426 1433 1488 expensas
1457 1407 1505 1472 vie
1527 1427 1585 1471 sue
1607 1427 1667 1471 ne·

316 1517 474 1581 cessarias
507 1521 673 1599 cogeretur
706 1517 844 1581 vendere
877 1517 1032 1581 decimam
1067 1516 1098 1580 in
1131 1513 1282 1594 Wettcre‚
1316 1535 1379 1598 que
1408 1518 1457 1580 est
1486 1514 1526 1580 de
1554 1517 1665 1580 decem

315 1625 467 1692 domibus
501 1627 567 1691 sitis
600 1627 682 1691 intra
717 1625 823 1690 villam
862 1628 894 1689 et
928 1626 968 1690 de
1001 1624 1171 1689 undecima
1204 1625 1295 1687 extra
1326 1623 1442 1700 villam,
1480 1642 1544 1705 qne
1577 1623 1669 1690 Plore

315 1735 439 1813 dicitur,
472 1754 569 1818 quarn
602 1736 642 1799 de
664 1754 761 1799 manu
784 1738 893 1799 nostra
915 1735 1055 1810 tenebat,
1085 1732 1196 1797 maluit
1226 1751 1298 1797 eam
1321 1732 1460 1796 vendere
1482 1732 1574 1797 alicui
1596 1734 1667 1799 loco

314 1844 473 1927 religioso,
503 1849 539 1910 ut
569 1845 663 1910 simul
690 1865 762 1909 cum
785 1843 921 1928 pecnnia
950 1844 1017 1925 ipse
1040 1861 1113 1907 cum
1136 1860 1237 1906 uxore
1259 1859 1318 1904 sua
1339 1839 1469 1923 aliquod
1491 1842 1669 1906 remedium

314 1951 424 2015 anime
446 1971 504 2016 sue
527 1954 810 2034 consequerentur.
854 1950 1027 2016 Contractu
1057 1971 1134 2034 ergo
1164 1948 1354 2014 venditionis
1377 1950 1522 2032 ejusdem
1545 1948 1667 2015 decime

315 2079 389 2125 cum
411 2060 518 2142 priore
534 2060 657 2125 cenobii
676 2060 707 2124 in
724 2059 845 2124 Osethe
862 2059 1028 2124 Bernardo
1050 2059 1181 2123 nomine
1203 2077 1262 2140 pro
1285 2061 1371 2122 certa
1387 2077 1514 2123 summa
1533 2059 1667 2141 pecunie

314 2169 478 2234 celebrato
501 2169 586 2232 idem
610 2169 700 2233 miles
723 2172 755 2233 et
777 2188 858 2233 uxor
879 2188 938 2233 sua
961 2168 1204 2254 Cunegundis¹)
1235 2172 1267 2232 et
1288 2168 1370 2232 filius
1392 2169 1533 2251 ipsorum
1556 2168 1667 2233 unicus

314 2277 471 2342 Ludolfus
493 2279 623 2342 nornine
642 2279 709 2361 Jam
733 2278 849 2342 dictam
873 2278 1029 2343 decimam
1054 2278 1182 2360 simul⁸)
1212 2276 1243 2341 in
1272 2297 1387 2342 manus
1409 2281 1536 2342 nostras
1558 2277 1666 2341 multis

314 2386 521 2468 presentibus
544 2386 688 2450 absolute
712 2385 995 2468 resignaverunl.⁴l
1018 2385 1084 2450 Nos
1101 2385 1196 2469 igitur
1212 2390 1344 2469 accepta
1362 2386 1518 2451 sententia
1538 2387 1666 2469 majoris

316 2494 428 2558 decani
461 2495 494 2557 in
523 2493 713 2575 Osnabruge
745 2498 776 2558 et
808 2495 1022 2560 ministerialis
1052 2497 1152 2560 nostri
1183 2495 1302 2559 Weceli
1332 2514 1404 2559 cum
1435 2495 1668 2578 approbatione

321 2601 544 2667 canonicorum
574 2605 605 2665 et
636 2600 887 2666 ministerialium
917 2604 959 2667 ibi
991 2604 1197 2685 presentium,
1232 2604 1318 2686 quod
1349 2605 1484 2668 eandem
1512 2602 1667 2667 decimam

322 2709 410 2774 nobis
447 2711 615 2772 vacantem
650 2708 733 2772 inira
763 2708 1044 2791 osnabrugensem
1080 2710 1229 2776 diocesim
1264 2731 1433 2794 possemus
1462 2712 1578 2787 locare,
1611 2709 1665 2774 ubi

320 2817 470 2900 placeret,
503 2818 604 2899 ipsam
615 2816 642 2902 ³)
670 2817 737 2881 Deo
771 2820 802 2880 et
835 2818 930 2882 beato
962 2817 1099 2883 lobanni
1132 2821 1162 2884 in
1194 2818 1314 2883 Osethe
1345 2818 1385 2882 ad
1416 2818 1667 2883 consolationem

319 2925 359 2989 ibi
381 2924 452 2989 Dee
476 2923 681 2989 servientium
708 2945 768 3008 pro
797 2926 999 2990 miseratione
1030 2927 1136 2991 divina
1167 2926 1198 2991 in
1225 2928 1402 2992 remedium
1431 2929 1538 2991 anime
1560 2929 1668 2991 nostre

319 3031 418 3097 libera
441 3037 598 3115 perpetua
619 3038 651 3097 et
668 3034 861 3098 immutabili
883 3035 1056 3099 donatione
1079 3036 1279 3101 contulimus.
1313 3035 1430 3100 Verum
1453 3036 1528 3119 quia
1549 3035 1670 3099 lubrica

319 3145 366 3206 est
389 3141 557 3206 bominum
582 3142 737 3206 memoria
759 3146 791 3206 et
814 3143 888 3226 quia
910 3163 1012 3226 prona
1044 3148 1093 3209 est
1118 3143 1221 3209 omnis
1244 3149 1312 3209 etas
1333 3145 1375 3208 ab
1398 3144 1615 3209 adolescentia
1637 3143 1668 3207 in

319 3251 453 3329 malurn,
475 3253 512 3314 ut
528 3253 560 3314 et
575 3250 743 3315 lubricitati
766 3253 919 3316 memorie
943 3255 974 3316 et
996 3253 1161 3317 hominum
1178 3252 1372 3335 improbitati
1394 3271 1592 3329 occuramus,
1615 3251 1669 3334 qui

319 3377 566 3441 nonnumquam
595 3360 678 3423 bene
712 3364 803 3441 gesta
833 3361 975 3424 nituntur
1004 3361 1191 3438 convellere,
1225 3361 1344 3444 placuit
1373 3361 1490 3426 facturn
1523 3363 1669 3425 nostrum

319 3467 461 3549 presenti
496 3466 611 3548 pagine
647 3488 710 3550 que
748 3470 792 3532 rei
831 3471 919 3549 geste
956 3469 1071 3532 seriem
1107 3468 1294 3533 immutabili
1334 3470 1465 3533 veritate
1502 3467 1672 3550 eloquatur

319 3579 477 3641 annotare
508 3580 539 3639 et
569 3576 659 3658 sigilli
690 3578 789 3643 nostri
822 3578 1003 3643 testimonio
1032 3578 1230 3642 confirmare.
1276 3579 1354 3640 Aeta
1388 3578 1463 3639 sunt
1494 3575 1554 3639 hec
1586 3592 1670 3638 anno

320 3683 486 3748 Dominice
499 3683 724 3749 incarnationis
740 3686 949 3762 M⁰CC⁰XV⁰;
967 3683 1201 3769 presentibus5)
1218 3685 1378 3748 canonicis
1394 3683 1522 3765 majoris
1540 3681 1670 3746 ecclesie

320 3791 477 3876 Osnab.⁶)
500 3791 618 3856 Ottone
642 3795 763 3876 majore
784 3794 957 3878 preposito,
980 3794 1146 3859 Gerhardo
1169 3793 1291 3875 majore
1306 3792 1438 3869 decano,
1460 3790 1607 3855 lobanne
1630 3789 1669 3853 de

321 3899 497 3978 Parborne,
528 3903 678 3983 magistro
704 3902 879 3979 Wieboldo,
912 3902 1057 3968 iohanne
1080 3903 1194 3980 Vitulo,
1229 3901 1442 3982 Sigebodone,
1473 3899 1672 3974 Lethcwico;

321 4007 463 4089 Rotgero
487 4010 520 4070 et
543 4008 708 4074 Everwino
741 4011 905 4076 monacbis
937 4011 976 4075 de
1005 4012 1109 4092 lborg,
1143 4010 1307 4075 Bernarde
1336 4009 1439 4091 priore
1468 4008 1508 4071 de
1537 4006 1667 4082 Osethe,

322 4114 529 4179 Hermannus
545 4116 585 4180 de
601 4116 710 4180 Boden
727 4119 879 4183 canonico
899 4119 1076 4193 Bremensi3
1093 4116 1294 4200 presentibus
1310 4117 1405 4179 eliam
1423 4114 1522 4178 laicis:
1540 4112 1670 4177 Wecelo

321 4224 483 4305 gogravie,
507 4222 642 4305 lingone
667 4225 758 4304 Urso,
781 4227 935 4308 Allgrimo
958 4229 997 4290 de
1019 4226 1121 4305 lborg,
1144 4223 1339 4288 Wullbelmo
1362 4224 1402 4287 de
1425 4221 1669 4303 Blalventhovpe,

321 4330 510 4413 Eegehardo
528 4333 625 4396 milite
640 4334 681 4398 de
698 4334 840 4412 Dissene,
856 4334 1040 4416 Ecgebardo
1056 4334 1134 4410 cive,
1148 4331 1320 4396 Godelrido
1337 4332 1377 4396 de
1395 4330 1468 4408 Ore,
1486 4328 1669 4393 Alexandro

322 4437 362 4502 de
395 4438 587 4518 Bekesethe,
621 4441 756 4524 Gerlago
789 4445 829 4508 de
862 4442 1024 4520 Vlecbten,
1058 4441 1194 4505 Henrice
1227 4441 1267 4505 de
1300 4440 1453 4515 Ouseten,
1485 4437 1669 4502 Everhardo

323 4547 486 4630 Snipbart‚
529 4547 688 4615 Wicberto
726 4552 887 4615 Letbebur
925 4551 1030 4634 judice
1067 4549 1187 4614 Osnab.
1226 4549 1368 4612 Ricwino
1405 4548 1444 4611 de
1481 4546 1670 4629 Enengerlo,

323 4654 919 4742 ThelbardoLetbebur,l3ngelbe1·to
943 4659 1137 4736 Camerario,
1160 4657 1346 4739 Ecgebardo
1369 4658 1409 4721 de
1431 4656 1544 4721 Brolve.
1586 4655 1671 4720 Con-

323 4763 512 4829 tradictores
545 4764 638 4848 hujus
671 4769 786 4851 pagine
819 4768 1007 4833 auctoritate
1040 4766 1098 4830 Dei
1127 4764 1354 4847 omnipotentis
1388 4767 1420 4828 et
1452 4763 1669 4847 apostolorum

323 4869 407 4936 Petri
430 4876 462 4936 et
477 4871 568 4936 Pauli
592 4879 624 4938 et
646 4880 755 4939 nostra
776 4877 1032 4940 anathematizati
1054 4872 1328 4937 maledictionibus
1344 4871 1425 4936 Kain
1446 4876 1478 4935 et
1493 4870 1573 4935 Jude
1596 4890 1670 4953 pro·

325 4979 434 5044 diteris
457 4980 704 5047 confundantur.

432 5148 453 5215 ¹)
473 5147 626 5218 Ofinubfflg·
645 5151 680 5203 Β.
700 5181 731 5188 -
752 5151 774 5218 ¹)
793 5153 959 5221 Coneguuda
984 5153 1022 5220 B3
1053 5149 1224 5204 et-nomine
1248 5146 1313 5218 labit
1336 5148 1371 5200 B.
1400 5178 1432 5186 -
1458 5148 1480 5214 8)
1500 5145 1564 5216 tebit
1584 5147 1618 5199 B.
1638 5175 1671 5183 —

325 5234 346 5298 ⁴)
364 5234 521 5303 &ignatii
540 5236 574 5288 B·
612 5266 645 5274 -
683 5237 704 5304 ⁶)
724 5236 782 5294 ‘aflet
801 5237 907 5308 &titula
930 5240 958 5293 ln
984 5239 1022 5292 B:
1051 5237 1157 5291 clericis
1184 5235 1280 5304 majori
1308 5235 1445 5302 preposito
1469 5233 1579 5299 Ottene,
1607 5233 1673 5286 Ger·

325 5323 410 5378 bardo
428 5325 527 5394 majori
546 5325 655 5393 decano,
675 5327 845 5396 Sigebodene
865 5325 1000 5391 canonico,
1024 5324 1147 5378 Johanne
1167 5324 1200 5376 de
1219 5321 1354 5376 Parbome
1373 5320 1509 5385 canonice,
1534 5319 1672 5373 Beruardo
